
  <record>
    <leader>01934nam a22005173i 4500</leader>
    <controlfield tag="005">20201015140613.0</controlfield>
    <controlfield tag="006">m        d        </controlfield>
    <controlfield tag="007">cr||n|||||||||</controlfield>
    <controlfield tag="008">180820t20182018nyuaf   o     000 0aeng d</controlfield>
    <controlfield tag="001">991037738736103811</controlfield>
    <datafield tag="019" ind1=" " ind2=" ">
      <subfield code="a">1061493357</subfield>
      <subfield code="a">1062361883</subfield>
    </datafield>
    <datafield tag="020" ind1=" " ind2=" ">
      <subfield code="a">9780525633754</subfield>
      <subfield code="q">(large print ;</subfield>
      <subfield code="q">softcover)</subfield>
    </datafield>
    <datafield tag="020" ind1=" " ind2=" ">
      <subfield code="a">0525633758</subfield>
      <subfield code="q">(large print ;</subfield>
      <subfield code="q">softcover)</subfield>
    </datafield>
    <datafield tag="020" ind1=" " ind2=" ">
      <subfield code="a">9781524763152 (Proquest Ebook Central)</subfield>
    </datafield>
    <datafield tag="020" ind1=" " ind2=" ">
      <subfield code="a">1524763152</subfield>
    </datafield>
    <datafield tag="020" ind1=" " ind2=" ">
      <subfield code="a">9781524763152</subfield>
    </datafield>
    <datafield tag="035" ind1=" " ind2=" ">
      <subfield code="a">(MiAaPQ)EBC6071094</subfield>
    </datafield>
    <datafield tag="035" ind1=" " ind2=" ">
      <subfield code="a">(OCoLC)1080667168</subfield>
    </datafield>
    <datafield tag="035" ind1=" " ind2=" ">
      <subfield code="a">(CaONFJC)EBC6071094</subfield>
    </datafield>
    <datafield tag="037" ind1=" " ind2=" ">
      <subfield code="a">6071094</subfield>
      <subfield code="b">Proquest Ebook Central</subfield>
    </datafield>
    <datafield tag="040" ind1=" " ind2=" ">
      <subfield code="a">CaONFJC</subfield>
      <subfield code="e">rda</subfield>
      <subfield code="c">CaONFJC</subfield>
    </datafield>
    <datafield tag="043" ind1=" " ind2=" ">
      <subfield code="a">n-us---</subfield>
      <subfield code="a">n-us-il</subfield>
    </datafield>
    <datafield tag="050" ind1=" " ind2="4">
      <subfield code="a">E909.O24</subfield>
      <subfield code="b">A3 2018b</subfield>
    </datafield>
    <datafield tag="082" ind1="0" ind2="4">
      <subfield code="a">973.932092</subfield>
      <subfield code="a">B</subfield>
      <subfield code="2">23</subfield>
    </datafield>
    <datafield tag="100" ind1="1" ind2=" ">
      <subfield code="a">Obama, Michelle,</subfield>
      <subfield code="d">1964-</subfield>
      <subfield code="e">author.</subfield>
    </datafield>
    <datafield tag="245" ind1="1" ind2="0">
      <subfield code="a">Becoming</subfield>
      <subfield code="h">[electronic resource] /</subfield>
      <subfield code="c">Michelle Obama.</subfield>
    </datafield>
    <datafield tag="250" ind1=" " ind2=" ">
      <subfield code="a">First large print edition.</subfield>
    </datafield>
    <datafield tag="264" ind1=" " ind2="1">
      <subfield code="a">[New York] :</subfield>
      <subfield code="b">Random House Large Print,</subfield>
      <subfield code="c">[2018]</subfield>
    </datafield>
    <datafield tag="264" ind1=" " ind2="4">
      <subfield code="c">&#xA9;2018</subfield>
    </datafield>
    <datafield tag="300" ind1=" " ind2=" ">
      <subfield code="a">1 online resource (xvi, 675 pages (large print), 16 unnumbered pages of plates) :</subfield>
      <subfield code="b">illustrations (chiefly color)</subfield>
    </datafield>
    <datafield tag="336" ind1=" " ind2=" ">
      <subfield code="a">text</subfield>
      <subfield code="b">txt</subfield>
      <subfield code="2">rdacontent</subfield>
    </datafield>
    <datafield tag="337" ind1=" " ind2=" ">
      <subfield code="a">computer</subfield>
      <subfield code="b">c</subfield>
      <subfield code="2">rdamedia</subfield>
    </datafield>
    <datafield tag="338" ind1=" " ind2=" ">
      <subfield code="a">online resource</subfield>
      <subfield code="b">cr</subfield>
      <subfield code="2">rdacarrier</subfield>
    </datafield>
    <datafield tag="340" ind1=" " ind2=" ">
      <subfield code="n">large print</subfield>
      <subfield code="2">rda</subfield>
    </datafield>
    <datafield tag="588" ind1=" " ind2=" ">
      <subfield code="a">Description based on print version record.</subfield>
    </datafield>
    <datafield tag="600" ind1="1" ind2="0">
      <subfield code="a">Obama, Michelle,</subfield>
      <subfield code="d">1964-</subfield>
    </datafield>
    <datafield tag="650" ind1=" " ind2="0">
      <subfield code="a">Presidents' spouses</subfield>
      <subfield code="z">United States</subfield>
      <subfield code="v">Biography.</subfield>
    </datafield>
    <datafield tag="650" ind1=" " ind2="0">
      <subfield code="a">African American women lawyers</subfield>
      <subfield code="z">Illinois</subfield>
      <subfield code="z">Chicago</subfield>
      <subfield code="v">Biography.</subfield>
    </datafield>
    <datafield tag="650" ind1=" " ind2="0">
      <subfield code="a">Legislators' spouses</subfield>
      <subfield code="z">United States</subfield>
      <subfield code="v">Biography.</subfield>
    </datafield>
    <datafield tag="650" ind1=" " ind2="0">
      <subfield code="a">Large type books.</subfield>
    </datafield>
    <datafield tag="655" ind1=" " ind2="0">
      <subfield code="a">Large type books.</subfield>
    </datafield>
    <datafield tag="655" ind1=" " ind2="7">
      <subfield code="a">Electronic books.</subfield>
      <subfield code="2">local</subfield>
    </datafield>
    <datafield tag="856" ind1="4" ind2="0">
      <subfield code="u">https://ebookcentral.proquest.com/lib/templeuniv-ebooks/detail.action?docID=6071094</subfield>
    </datafield>
    <datafield tag="960" ind1=" " ind2=" ">
      <subfield code="k">&lt;web&gt;</subfield>
      <subfield code="g">E_BOOK</subfield>
      <subfield code="l">web</subfield>
      <subfield code="o">1</subfield>
      <subfield code="q">101320</subfield>
      <subfield code="s">85.00</subfield>
      <subfield code="u">1adcf</subfield>
      <subfield code="v">coutt</subfield>
    </datafield>
    <datafield tag="961" ind1=" " ind2=" ">
      <subfield code="f">acqrat</subfield>
      <subfield code="h">EBC1U</subfield>
      <subfield code="i">44344297</subfield>
    </datafield>
    <datafield tag="979" ind1=" " ind2=" ">
      <subfield code="a">EBC6071094</subfield>
    </datafield>
    <datafield tag="ADM" ind1=" " ind2=" ">
      <subfield code="b">2020-10-16 08:35:20</subfield>
      <subfield code="e">EBC6071094</subfield>
      <subfield code="d">COUTTS</subfield>
      <subfield code="f">20181203142756.0</subfield>
      <subfield code="a">2020-10-13 19:45:20</subfield>
      <subfield code="c">false</subfield>
    </datafield>
    <datafield tag="PRT" ind1=" " ind2=" ">
      <subfield code="i">61402288210003811</subfield>
      <subfield code="updated">2020-10-15 16:20:28</subfield>
      <subfield code="d">MAIN</subfield>
      <subfield code="c">Ebook Central</subfield>
      <subfield code="created">2020-10-13 19:45:31</subfield>
      <subfield code="j">62402288200003811</subfield>
      <subfield code="a">53536633130003811</subfield>
      <subfield code="b">https://sandbox01-na.alma.exlibrisgroup.com/view/uresolver/01TULI_INST/openurl?u.ignore_date_coverage=true&amp;rft.mms_id=991037738736103811</subfield>
      <subfield code="9">Available</subfield>
      <subfield code="8">53536633130003811</subfield>
    </datafield>
  </record>