
  <record>
    <leader>01371ngm a22003853a 4500</leader>
    <controlfield tag="006">m|||||o||c||||||||</controlfield>
    <controlfield tag="007">cr |za|||||||a</controlfield>
    <controlfield tag="007">vz||zazu|</controlfield>
    <controlfield tag="008">140328s2009    cau055 g      o   vleng d</controlfield>
    <controlfield tag="001">991037331544303811</controlfield>
    <datafield tag="035" ind1=" " ind2=" ">
      <subfield code="a">(OCoLC)881547135</subfield>
    </datafield>
    <datafield tag="040" ind1=" " ind2=" ">
      <subfield code="a">VaAlASP</subfield>
      <subfield code="c">VaAlASP</subfield>
    </datafield>
    <datafield tag="245" ind1="0" ind2="0">
      <subfield code="a">Becoming Barack</subfield>
      <subfield code="h">[electronic resource] :</subfield>
      <subfield code="b">evolution of a leader /</subfield>
      <subfield code="c">by Robert Yuhas.</subfield>
    </datafield>
    <datafield tag="260" ind1=" " ind2=" ">
      <subfield code="a">Sherman Oaks, CA :</subfield>
      <subfield code="b">Little Dizzy Home Video,</subfield>
      <subfield code="c">2009.</subfield>
    </datafield>
    <datafield tag="300" ind1=" " ind2=" ">
      <subfield code="a">1 online resource (55 min.).</subfield>
    </datafield>
    <datafield tag="306" ind1=" " ind2=" ">
      <subfield code="a">005456</subfield>
    </datafield>
    <datafield tag="490" ind1="0" ind2=" ">
      <subfield code="a">Black studies in video</subfield>
    </datafield>
    <datafield tag="500" ind1=" " ind2=" ">
      <subfield code="a">Title from resource description page (viewed March 28, 2014).</subfield>
    </datafield>
    <datafield tag="520" ind1=" " ind2=" ">
      <subfield code="a">This documentary, by Robert Yuhas, is about President Obama's years in Chicago.</subfield>
    </datafield>
    <datafield tag="530" ind1=" " ind2=" ">
      <subfield code="a">Previously released as DVD.</subfield>
    </datafield>
    <datafield tag="546" ind1=" " ind2=" ">
      <subfield code="a">This edition in English.</subfield>
    </datafield>
    <datafield tag="590" ind1=" " ind2=" ">
      <subfield code="a">Access is available to the Temple Community through use of a networked computer with a Temple IP address.</subfield>
    </datafield>
    <datafield tag="600" ind1="1" ind2="0">
      <subfield code="a">Obama, Barack.</subfield>
    </datafield>
    <datafield tag="650" ind1=" " ind2="0">
      <subfield code="a">Presidents</subfield>
      <subfield code="z">United States</subfield>
      <subfield code="v">Biography.</subfield>
    </datafield>
    <datafield tag="655" ind1=" " ind2="7">
      <subfield code="a">Documentary films.</subfield>
      <subfield code="2">lcgft</subfield>
    </datafield>
    <datafield tag="700" ind1="1" ind2=" ">
      <subfield code="a">Yuhas, Robert,</subfield>
      <subfield code="d">1946-</subfield>
      <subfield code="4">drt</subfield>
      <subfield code="4">pro</subfield>
    </datafield>
    <datafield tag="700" ind1="1" ind2=" ">
      <subfield code="a">Goldman, Stuart A.,</subfield>
      <subfield code="d">1948-</subfield>
      <subfield code="4">pro</subfield>
    </datafield>
    <datafield tag="776" ind1="1" ind2=" ">
      <subfield code="c">Original</subfield>
      <subfield code="w">(OCoLC)436942631</subfield>
    </datafield>
    <datafield tag="856" ind1="4" ind2="0">
      <subfield code="u">http://www.aspresolver.com/aspresolver.asp?BLSV;2330512</subfield>
    </datafield>
    <datafield tag="901" ind1=" " ind2=" ">
      <subfield code="a">ASP2330512/blsv</subfield>
      <subfield code="b">VaAlASP</subfield>
      <subfield code="c">15417</subfield>
      <subfield code="t">biblio</subfield>
    </datafield>
    <datafield tag="902" ind1=" " ind2=" ">
      <subfield code="a">ASP: Academic Video Online 20191115</subfield>
    </datafield>
    <datafield tag="905" ind1=" " ind2=" ">
      <subfield code="u">admin</subfield>
    </datafield>
    <datafield tag="910" ind1=" " ind2=" ">
      <subfield code="a">AL 2014-06-19</subfield>
    </datafield>
    <datafield tag="944" ind1=" " ind2=" ">
      <subfield code="a">2330512</subfield>
    </datafield>
    <datafield tag="945" ind1=" " ind2=" ">
      <subfield code="a">The Whole World</subfield>
    </datafield>
    <datafield tag="950" ind1=" " ind2=" ">
      <subfield code="a">BLST</subfield>
      <subfield code="c">BLSV-V1</subfield>
    </datafield>
    <datafield tag="979" ind1=" " ind2=" ">
      <subfield code="a">ASP2330512/blsv</subfield>
    </datafield>
    <datafield tag="ADM" ind1=" " ind2=" ">
      <subfield code="b">2019-11-18 09:51:18</subfield>
      <subfield code="e">ASP2330512/blsv</subfield>
      <subfield code="d">ASP</subfield>
      <subfield code="a">2019-11-16 18:55:38</subfield>
      <subfield code="c">false</subfield>
    </datafield>
    <datafield tag="PRT" ind1=" " ind2=" ">
      <subfield code="updated">2019-11-16 18:55:59</subfield>
      <subfield code="i">61431637620003811</subfield>
      <subfield code="c">Academic Video Online</subfield>
      <subfield code="created">2019-11-16 18:55:55</subfield>
      <subfield code="j">62431637610003811</subfield>
      <subfield code="a">53478669040003811</subfield>
      <subfield code="b">https://sandbox01-na.alma.exlibrisgroup.com/view/uresolver/01TULI_INST/openurl?u.ignore_date_coverage=true&amp;rft.mms_id=991037331544303811</subfield>
      <subfield code="9">Available</subfield>
      <subfield code="8">53478669040003811</subfield>
    </datafield>
  </record>