
  <record>
    <leader>03659cam a2200541 a 4500</leader>
    <controlfield tag="005">20190716032824.0</controlfield>
    <controlfield tag="008">110611t20122012enkaa    b    001 0 eng  </controlfield>
    <controlfield tag="001">991028073309703811</controlfield>
    <datafield tag="010" ind1=" " ind2=" ">
      <subfield code="a">2011025064</subfield>
    </datafield>
    <datafield tag="020" ind1=" " ind2=" ">
      <subfield code="a">9780521767491</subfield>
      <subfield code="q">hardback</subfield>
    </datafield>
    <datafield tag="020" ind1=" " ind2=" ">
      <subfield code="a">0521767490</subfield>
      <subfield code="q">hardback</subfield>
    </datafield>
    <datafield tag="020" ind1=" " ind2=" ">
      <subfield code="a">9780521756600</subfield>
      <subfield code="q">paperback</subfield>
    </datafield>
    <datafield tag="020" ind1=" " ind2=" ">
      <subfield code="a">052175660X</subfield>
      <subfield code="q">paperback</subfield>
    </datafield>
    <datafield tag="035" ind1=" " ind2=" ">
      <subfield code="a">(PPT)b51760526-01tuli_inst</subfield>
    </datafield>
    <datafield tag="035" ind1=" " ind2=" ">
      <subfield code="a">(OCoLC)ocn794617602</subfield>
      <subfield code="9">ExL</subfield>
    </datafield>
    <datafield tag="035" ind1=" " ind2=" ">
      <subfield code="a">(OCoLC)733936088</subfield>
    </datafield>
    <datafield tag="035" ind1=" " ind2=" ">
      <subfield code="a">ocn733936088</subfield>
    </datafield>
    <datafield tag="035" ind1=" " ind2=" ">
      <subfield code="a">(OCLC)ocn733936088</subfield>
    </datafield>
    <datafield tag="040" ind1=" " ind2=" ">
      <subfield code="a">DLC</subfield>
      <subfield code="b">eng</subfield>
      <subfield code="c">DLC</subfield>
      <subfield code="d">YDX</subfield>
      <subfield code="d">UKMGB</subfield>
      <subfield code="d">YDXCP</subfield>
      <subfield code="d">BWX</subfield>
      <subfield code="d">BDX</subfield>
      <subfield code="d">IUL</subfield>
      <subfield code="d">COO</subfield>
      <subfield code="d">BTCTA</subfield>
    </datafield>
    <datafield tag="042" ind1=" " ind2=" ">
      <subfield code="a">pcc</subfield>
    </datafield>
    <datafield tag="043" ind1=" " ind2=" ">
      <subfield code="a">n-us---</subfield>
    </datafield>
    <datafield tag="049" ind1=" " ind2=" ">
      <subfield code="a">IG$A</subfield>
    </datafield>
    <datafield tag="079" ind1=" " ind2=" ">
      <subfield code="a">ocn733936088</subfield>
    </datafield>
    <datafield tag="090" ind1=" " ind2=" ">
      <subfield code="a">JK2281</subfield>
      <subfield code="b">.L385 2012</subfield>
    </datafield>
    <datafield tag="100" ind1="1" ind2=" ">
      <subfield code="a">Lawless, Jennifer L.,</subfield>
      <subfield code="d">1975-</subfield>
      <subfield code="0">http://id.loc.gov/authorities/names/n2005030450</subfield>
    </datafield>
    <datafield tag="245" ind1="1" ind2="0">
      <subfield code="a">Becoming a candidate :</subfield>
      <subfield code="b">political ambition and the decision to run for office /</subfield>
      <subfield code="c">Jennifer L. Lawless.</subfield>
    </datafield>
    <datafield tag="264" ind1=" " ind2="1">
      <subfield code="a">Cambridge ;</subfield>
      <subfield code="a">New York :</subfield>
      <subfield code="b">Cambridge University Press,</subfield>
      <subfield code="c">[2012]</subfield>
    </datafield>
    <datafield tag="264" ind1=" " ind2="4">
      <subfield code="c">&#xA9;2012</subfield>
    </datafield>
    <datafield tag="300" ind1=" " ind2=" ">
      <subfield code="a">xxi, 279 pages :</subfield>
      <subfield code="b">illustrations ;</subfield>
      <subfield code="c">24 cm</subfield>
    </datafield>
    <datafield tag="336" ind1=" " ind2=" ">
      <subfield code="a">text</subfield>
      <subfield code="b">txt</subfield>
      <subfield code="2">rdacontent</subfield>
    </datafield>
    <datafield tag="337" ind1=" " ind2=" ">
      <subfield code="a">unmediated</subfield>
      <subfield code="b">n</subfield>
      <subfield code="2">rdamedia</subfield>
    </datafield>
    <datafield tag="338" ind1=" " ind2=" ">
      <subfield code="a">volume</subfield>
      <subfield code="b">nc</subfield>
      <subfield code="2">rdacarrier</subfield>
    </datafield>
    <datafield tag="504" ind1=" " ind2=" ">
      <subfield code="a">Includes bibliographical references and index.</subfield>
    </datafield>
    <datafield tag="505" ind1="0" ind2=" ">
      <subfield code="a">1. Mudslinging, money-grubbing, and mayhem: who would ever run for office? -- 2. The decision to run for office: the theoretical and methodological approach -- 3. Political ambition in the candidate eligibility pool -- 4. Barack Obama and 18 million cracks in the glass ceiling: sex, race, and political ambition -- 5. You could be president someday! early socialization, the role of family, and political ambition -- 6. On-the-job training: professional circumstances and the decision to run for office -- 7. You think I should run for office? political parties, political recruitment, and political ambition -- 8. Biting the bullet: deciding to run for office -- 9. Future patterns of candidate emergence and studies of political ambition.</subfield>
    </datafield>
    <datafield tag="520" ind1=" " ind2=" ">
      <subfield code="a">"This book is about political ambition - who has it, how it is fostered, and how it evolves"--</subfield>
      <subfield code="c">Provided by publisher.</subfield>
    </datafield>
    <datafield tag="520" ind1=" " ind2=" ">
      <subfield code="a">"Becoming a Candidate: Political Ambition and the Decision to Run for Office explores the factors that drive political ambition at the earliest stages. Using data from a comprehensive survey of thousands of eligible candidates, Jennifer L. Lawless systematically investigates what compels certain citizens to pursue elective positions and others to recoil at the notion. Lawless assesses personal factors, such as race, gender, and family dynamics, that affect an eligible candidate's likelihood of considering a run for office. She also focuses on eligible candidates' professional lives and attitudes toward the political system"--</subfield>
      <subfield code="c">Provided by publisher.</subfield>
    </datafield>
    <datafield tag="650" ind1=" " ind2="0">
      <subfield code="a">Political candidates</subfield>
      <subfield code="0">http://id.loc.gov/authorities/subjects/sh93008666</subfield>
      <subfield code="z">United States.</subfield>
      <subfield code="0">http://id.loc.gov/authorities/names/n78095330</subfield>
    </datafield>
    <datafield tag="650" ind1=" " ind2="7">
      <subfield code="a">Political candidates.</subfield>
      <subfield code="2">fast</subfield>
      <subfield code="0">http://id.worldcat.org/fast/1069218</subfield>
    </datafield>
    <datafield tag="650" ind1=" " ind2="0">
      <subfield code="a">Political candidates</subfield>
      <subfield code="0">http://id.loc.gov/authorities/subjects/sh93008666</subfield>
      <subfield code="z">United States</subfield>
      <subfield code="0">http://id.loc.gov/authorities/names/n78095330</subfield>
      <subfield code="v">Case studies.</subfield>
      <subfield code="0">http://id.loc.gov/authorities/subjects/sh99001484</subfield>
    </datafield>
    <datafield tag="650" ind1="1" ind2="7">
      <subfield code="a">Political candidates.</subfield>
      <subfield code="2">fast</subfield>
      <subfield code="0">http://id.worldcat.org/fast/1069218</subfield>
    </datafield>
    <datafield tag="651" ind1="2" ind2="7">
      <subfield code="a">United States.</subfield>
      <subfield code="2">fast</subfield>
      <subfield code="0">http://id.worldcat.org/fast/1204155</subfield>
    </datafield>
    <datafield tag="655" ind1=" " ind2="7">
      <subfield code="a">Case studies.</subfield>
      <subfield code="2">lcgft</subfield>
      <subfield code="0">http://id.loc.gov/authorities/genreForms/gf2017026140</subfield>
    </datafield>
    <datafield tag="655" ind1=" " ind2="7">
      <subfield code="a">Case studies.</subfield>
      <subfield code="2">fast</subfield>
      <subfield code="0">http://id.worldcat.org/fast/1423765</subfield>
    </datafield>
    <datafield tag="655" ind1="2" ind2="7">
      <subfield code="a">Case studies.</subfield>
      <subfield code="2">fast</subfield>
      <subfield code="0">http://id.worldcat.org/fast/1423765</subfield>
    </datafield>
    <datafield tag="902" ind1=" " ind2=" ">
      <subfield code="a">130124</subfield>
    </datafield>
    <datafield tag="902" ind1=" " ind2=" ">
      <subfield code="a">MARCIVE-BF 20190703</subfield>
    </datafield>
    <datafield tag="904" ind1=" " ind2=" ">
      <subfield code="a">MARCIVE 20200629</subfield>
    </datafield>
    <datafield tag="907" ind1=" " ind2=" ">
      <subfield code="a">.b51760526</subfield>
      <subfield code="b">p    </subfield>
      <subfield code="c">-</subfield>
    </datafield>
    <datafield tag="945" ind1=" " ind2=" ">
      <subfield code="l">pstk </subfield>
      <subfield code="g">1</subfield>
    </datafield>
    <datafield tag="979" ind1=" " ind2=" ">
      <subfield code="a">ocn733936088</subfield>
    </datafield>
    <datafield tag="998" ind1=" " ind2=" ">
      <subfield code="b">1</subfield>
      <subfield code="c">120502</subfield>
      <subfield code="d">m</subfield>
      <subfield code="e">a</subfield>
      <subfield code="f">-</subfield>
      <subfield code="g">0</subfield>
    </datafield>
    <datafield tag="ADM" ind1=" " ind2=" ">
      <subfield code="b">2020-09-08 23:53:18</subfield>
      <subfield code="e">b51760526-01tuli_inst</subfield>
      <subfield code="d">MARCIVE</subfield>
      <subfield code="f">20190607231259.0</subfield>
      <subfield code="a">2017-06-20 08:35:10</subfield>
      <subfield code="c">false</subfield>
    </datafield>
    <datafield tag="HLD" ind1="0" ind2=" ">
      <subfield code="b">ASRS</subfield>
      <subfield code="c">ASRS</subfield>
      <subfield code="h"> JK2281 </subfield>
      <subfield code="i"> .L385 2012 </subfield>
      <subfield code="8">22464107850003811</subfield>
      <subfield code="updated">2019-05-01 21:28:05</subfield>
      <subfield code="created">2019-05-01 21:27:59</subfield>
    </datafield>
    <datafield tag="ITM" ind1=" " ind2=" ">
      <subfield code="r">22464107850003811</subfield>
      <subfield code="b">1</subfield>
      <subfield code="h">0</subfield>
      <subfield code="g">ASRS</subfield>
      <subfield code="t">BOOK</subfield>
      <subfield code="9">39074026456160</subfield>
      <subfield code="e">ASRS</subfield>
      <subfield code="8">23283969630003811</subfield>
      <subfield code="a">0</subfield>
      <subfield code="i">JK2281 .L385 2012</subfield>
      <subfield code="updated">2019-05-01 21:28:25</subfield>
      <subfield code="q">2017-06-20 08:35:10</subfield>
      <subfield code="d">ASRS</subfield>
      <subfield code="f">ASRS</subfield>
    </datafield>
  </record>