
  <record>
    <leader>05112cam a2200841Ka 4500</leader>
    <controlfield tag="005">20200901065001.9</controlfield>
    <controlfield tag="006">m     o  d        </controlfield>
    <controlfield tag="007">cr cnu---unuuu</controlfield>
    <controlfield tag="008">120726s2012    enka    ob    001 0 eng d</controlfield>
    <controlfield tag="001">991037719702303811</controlfield>
    <datafield tag="010" ind1=" " ind2=" ">
      <subfield code="a">  2011025064</subfield>
    </datafield>
    <datafield tag="019" ind1=" " ind2=" ">
      <subfield code="a">775869798</subfield>
      <subfield code="a">794365154</subfield>
      <subfield code="a">794909959</subfield>
      <subfield code="a">818872042</subfield>
      <subfield code="a">857982497</subfield>
      <subfield code="a">980293810</subfield>
      <subfield code="a">980538257</subfield>
      <subfield code="a">980821749</subfield>
      <subfield code="a">981105851</subfield>
      <subfield code="a">1043674846</subfield>
      <subfield code="a">1066643197</subfield>
      <subfield code="a">1081190576</subfield>
      <subfield code="a">1152998845</subfield>
      <subfield code="a">1170790524</subfield>
    </datafield>
    <datafield tag="020" ind1=" " ind2=" ">
      <subfield code="a">9781139223805</subfield>
      <subfield code="q">(electronic bk.)</subfield>
    </datafield>
    <datafield tag="020" ind1=" " ind2=" ">
      <subfield code="a">1139223801</subfield>
      <subfield code="q">(electronic bk.)</subfield>
    </datafield>
    <datafield tag="020" ind1=" " ind2=" ">
      <subfield code="a">9780511806001</subfield>
      <subfield code="q">(electronic bk.)</subfield>
    </datafield>
    <datafield tag="020" ind1=" " ind2=" ">
      <subfield code="a">0511806000</subfield>
      <subfield code="q">(electronic bk.)</subfield>
    </datafield>
    <datafield tag="020" ind1=" " ind2=" ">
      <subfield code="a">9781139220378</subfield>
    </datafield>
    <datafield tag="020" ind1=" " ind2=" ">
      <subfield code="a">1139220373</subfield>
    </datafield>
    <datafield tag="020" ind1=" " ind2=" ">
      <subfield code="a">9781139217286</subfield>
    </datafield>
    <datafield tag="020" ind1=" " ind2=" ">
      <subfield code="a">1139217283</subfield>
    </datafield>
    <datafield tag="020" ind1=" " ind2=" ">
      <subfield code="z">9780521767491</subfield>
    </datafield>
    <datafield tag="020" ind1=" " ind2=" ">
      <subfield code="z">0521767490</subfield>
    </datafield>
    <datafield tag="020" ind1=" " ind2=" ">
      <subfield code="z">9780521756600</subfield>
    </datafield>
    <datafield tag="020" ind1=" " ind2=" ">
      <subfield code="z">052175660X</subfield>
    </datafield>
    <datafield tag="024" ind1="8" ind2=" ">
      <subfield code="a">9786613598240</subfield>
    </datafield>
    <datafield tag="035" ind1=" " ind2=" ">
      <subfield code="a">(OCoLC)801816068</subfield>
      <subfield code="z">(OCoLC)775869798</subfield>
      <subfield code="z">(OCoLC)794365154</subfield>
      <subfield code="z">(OCoLC)794909959</subfield>
      <subfield code="z">(OCoLC)818872042</subfield>
      <subfield code="z">(OCoLC)857982497</subfield>
      <subfield code="z">(OCoLC)980293810</subfield>
      <subfield code="z">(OCoLC)980538257</subfield>
      <subfield code="z">(OCoLC)980821749</subfield>
      <subfield code="z">(OCoLC)981105851</subfield>
      <subfield code="z">(OCoLC)1043674846</subfield>
      <subfield code="z">(OCoLC)1066643197</subfield>
      <subfield code="z">(OCoLC)1081190576</subfield>
      <subfield code="z">(OCoLC)1152998845</subfield>
      <subfield code="z">(OCoLC)1170790524</subfield>
    </datafield>
    <datafield tag="035" ind1=" " ind2=" ">
      <subfield code="a">(OCoLC)ocn801816068</subfield>
    </datafield>
    <datafield tag="037" ind1=" " ind2=" ">
      <subfield code="a">359824</subfield>
      <subfield code="b">MIL</subfield>
    </datafield>
    <datafield tag="040" ind1=" " ind2=" ">
      <subfield code="a">N$T</subfield>
      <subfield code="b">eng</subfield>
      <subfield code="e">pn</subfield>
      <subfield code="c">N$T</subfield>
      <subfield code="d">AZU</subfield>
      <subfield code="d">OCLCQ</subfield>
      <subfield code="d">CAMBR</subfield>
      <subfield code="d">OCLCQ</subfield>
      <subfield code="d">OCLCF</subfield>
      <subfield code="d">MHW</subfield>
      <subfield code="d">EBLCP</subfield>
      <subfield code="d">MERUC</subfield>
      <subfield code="d">YDXCP</subfield>
      <subfield code="d">OL$</subfield>
      <subfield code="d">CDX</subfield>
      <subfield code="d">DEBSZ</subfield>
      <subfield code="d">OCLCQ</subfield>
      <subfield code="d">YDX</subfield>
      <subfield code="d">CUY</subfield>
      <subfield code="d">ZCU</subfield>
      <subfield code="d">ICG</subfield>
      <subfield code="d">K6U</subfield>
      <subfield code="d">LOA</subfield>
      <subfield code="d">VT2</subfield>
      <subfield code="d">U3W</subfield>
      <subfield code="d">OCLCQ</subfield>
      <subfield code="d">WYU</subfield>
      <subfield code="d">DKC</subfield>
      <subfield code="d">AU@</subfield>
      <subfield code="d">OCLCQ</subfield>
      <subfield code="d">OCL</subfield>
      <subfield code="d">OCLCQ</subfield>
      <subfield code="d">UKCRE</subfield>
      <subfield code="d">MM9</subfield>
    </datafield>
    <datafield tag="043" ind1=" " ind2=" ">
      <subfield code="a">n-us---</subfield>
    </datafield>
    <datafield tag="049" ind1=" " ind2=" ">
      <subfield code="a">TEUU</subfield>
    </datafield>
    <datafield tag="050" ind1=" " ind2="4">
      <subfield code="a">JK2281</subfield>
      <subfield code="b">.L385 2012eb</subfield>
    </datafield>
    <datafield tag="082" ind1="0" ind2="4">
      <subfield code="a">324.7</subfield>
      <subfield code="2">23</subfield>
    </datafield>
    <datafield tag="100" ind1="1" ind2=" ">
      <subfield code="a">Lawless, Jennifer L.,</subfield>
      <subfield code="d">1975-</subfield>
    </datafield>
    <datafield tag="245" ind1="1" ind2="0">
      <subfield code="a">Becoming a candidate :</subfield>
      <subfield code="b">political ambition and the decision to run for office /</subfield>
      <subfield code="c">Jennifer L. Lawless.</subfield>
    </datafield>
    <datafield tag="260" ind1=" " ind2=" ">
      <subfield code="a">Cambridge ;</subfield>
      <subfield code="a">New York :</subfield>
      <subfield code="b">Cambridge University Press,</subfield>
      <subfield code="c">&#xA9;2012.</subfield>
    </datafield>
    <datafield tag="300" ind1=" " ind2=" ">
      <subfield code="a">1 online resource (xxi, 279 pages) :</subfield>
      <subfield code="b">illustrations</subfield>
    </datafield>
    <datafield tag="336" ind1=" " ind2=" ">
      <subfield code="a">text</subfield>
      <subfield code="b">txt</subfield>
      <subfield code="2">rdacontent</subfield>
    </datafield>
    <datafield tag="337" ind1=" " ind2=" ">
      <subfield code="a">computer</subfield>
      <subfield code="b">c</subfield>
      <subfield code="2">rdamedia</subfield>
    </datafield>
    <datafield tag="338" ind1=" " ind2=" ">
      <subfield code="a">online resource</subfield>
      <subfield code="b">cr</subfield>
      <subfield code="2">rdacarrier</subfield>
    </datafield>
    <datafield tag="520" ind1=" " ind2=" ">
      <subfield code="a">"This book is about political ambition - who has it, how it is fostered, and how it evolves"--</subfield>
      <subfield code="c">Provided by publisher.</subfield>
    </datafield>
    <datafield tag="520" ind1=" " ind2=" ">
      <subfield code="a">"Becoming a Candidate: Political Ambition and the Decision to Run for Office explores the factors that drive political ambition at the earliest stages. Using data from a comprehensive survey of thousands of eligible candidates, Jennifer L. Lawless systematically investigates what compels certain citizens to pursue elective positions and others to recoil at the notion. Lawless assesses personal factors, such as race, gender, and family dynamics, that affect an eligible candidate's likelihood of considering a run for office. She also focuses on eligible candidates' professional lives and attitudes toward the political system"--</subfield>
      <subfield code="c">Provided by publisher.</subfield>
    </datafield>
    <datafield tag="504" ind1=" " ind2=" ">
      <subfield code="a">Includes bibliographical references and index.</subfield>
    </datafield>
    <datafield tag="505" ind1="0" ind2=" ">
      <subfield code="a">1. Mudslinging, money-grubbing, and mayhem: who would ever run for office? -- 2. The decision to run for office: the theoretical and methodological approach -- 3. Political ambition in the candidate eligibility pool -- 4. Barack Obama and 18 million cracks in the glass ceiling: sex, race, and political ambition -- 5. You could be president someday! early socialization, the role of family, and political ambition -- 6. On-the-job training: professional circumstances and the decision to run for office -- 7. You think I should run for office? political parties, political recruitment, and political ambition -- 8. Biting the bullet: deciding to run for office -- 9. Future patterns of candidate emergence and studies of political ambition.</subfield>
    </datafield>
    <datafield tag="588" ind1="0" ind2=" ">
      <subfield code="a">Print version record.</subfield>
    </datafield>
    <datafield tag="590" ind1=" " ind2=" ">
      <subfield code="a">Cambridge University Press</subfield>
      <subfield code="b">Cambridge eBooks and Partner Presses: All Books</subfield>
    </datafield>
    <datafield tag="590" ind1=" " ind2=" ">
      <subfield code="a">Access is available to the Temple Community through use of a networked computer with a Temple IP address.</subfield>
    </datafield>
    <datafield tag="650" ind1=" " ind2="0">
      <subfield code="a">Political candidates</subfield>
      <subfield code="z">United States.</subfield>
    </datafield>
    <datafield tag="650" ind1=" " ind2="0">
      <subfield code="a">Political candidates</subfield>
      <subfield code="z">United States</subfield>
      <subfield code="v">Case studies.</subfield>
    </datafield>
    <datafield tag="650" ind1=" " ind2="7">
      <subfield code="a">Political candidates.</subfield>
      <subfield code="2">fast</subfield>
      <subfield code="0">(OCoLC)fst01069218</subfield>
    </datafield>
    <datafield tag="651" ind1=" " ind2="7">
      <subfield code="a">United States.</subfield>
      <subfield code="2">fast</subfield>
      <subfield code="0">(OCoLC)fst01204155</subfield>
    </datafield>
    <datafield tag="655" ind1=" " ind2="7">
      <subfield code="a">Case studies.</subfield>
      <subfield code="2">fast</subfield>
      <subfield code="0">(OCoLC)fst01423765</subfield>
    </datafield>
    <datafield tag="776" ind1="0" ind2="8">
      <subfield code="i">Print version:</subfield>
      <subfield code="a">Lawless, Jennifer L., 1975-</subfield>
      <subfield code="t">Becoming a candidate.</subfield>
      <subfield code="d">Cambridge ; New York : Cambridge University Press, &#xA9;2012</subfield>
      <subfield code="z">9780521767491</subfield>
      <subfield code="w">(DLC)  2011025064</subfield>
      <subfield code="w">(OCoLC)733936088</subfield>
    </datafield>
    <datafield tag="856" ind1="4" ind2="0">
      <subfield code="u">https://doi.org/10.1017/CBO9780511806001</subfield>
    </datafield>
    <datafield tag="979" ind1=" " ind2=" ">
      <subfield code="a">ocn801816068</subfield>
    </datafield>
    <datafield tag="ADM" ind1=" " ind2=" ">
      <subfield code="b">2020-09-08 21:42:50</subfield>
      <subfield code="e">ocn801816068</subfield>
      <subfield code="d">OCLC</subfield>
      <subfield code="f">20200901065001.9</subfield>
      <subfield code="a">2020-09-02 12:43:18</subfield>
      <subfield code="c">false</subfield>
    </datafield>
    <datafield tag="PRT" ind1=" " ind2=" ">
      <subfield code="updated">2020-09-02 12:43:41</subfield>
      <subfield code="i">61530087730003811</subfield>
      <subfield code="c">Cambridge Core Ebooks</subfield>
      <subfield code="created">2020-09-02 12:43:34</subfield>
      <subfield code="j">62530087720003811</subfield>
      <subfield code="a">53531875010003811</subfield>
      <subfield code="b">https://sandbox01-na.alma.exlibrisgroup.com/view/uresolver/01TULI_INST/openurl?u.ignore_date_coverage=true&amp;rft.mms_id=991037719702303811</subfield>
      <subfield code="9">Available</subfield>
      <subfield code="8">53531875010003811</subfield>
    </datafield>
  </record>