
  <record>
    <leader>01144nam  2200313Ia 4500</leader>
    <controlfield tag="001">991036921794403811</controlfield>
    <controlfield tag="005">20170816115944.0</controlfield>
    <controlfield tag="006">m     o  d |      </controlfield>
    <controlfield tag="007">cr -n---------</controlfield>
    <controlfield tag="008">110611s2012    nyua    ob    001 0 eng d</controlfield>
    <datafield tag="010" ind1=" " ind2=" ">
      <subfield code="z">  2011025064</subfield>
    </datafield>
    <datafield tag="020" ind1=" " ind2=" ">
      <subfield code="a">1-139-20928-0</subfield>
    </datafield>
    <datafield tag="020" ind1=" " ind2=" ">
      <subfield code="a">1-107-22513-2</subfield>
    </datafield>
    <datafield tag="020" ind1=" " ind2=" ">
      <subfield code="a">1-280-56864-X</subfield>
    </datafield>
    <datafield tag="020" ind1=" " ind2=" ">
      <subfield code="a">1-139-22209-0</subfield>
    </datafield>
    <datafield tag="020" ind1=" " ind2=" ">
      <subfield code="a">9786613598240</subfield>
    </datafield>
    <datafield tag="020" ind1=" " ind2=" ">
      <subfield code="a">0-511-80600-0</subfield>
    </datafield>
    <datafield tag="020" ind1=" " ind2=" ">
      <subfield code="a">1-139-22380-1</subfield>
    </datafield>
    <datafield tag="020" ind1=" " ind2=" ">
      <subfield code="a">1-139-21728-3</subfield>
    </datafield>
    <datafield tag="020" ind1=" " ind2=" ">
      <subfield code="a">1-139-21420-9</subfield>
    </datafield>
    <datafield tag="020" ind1=" " ind2=" ">
      <subfield code="a">1-139-22037-3</subfield>
    </datafield>
    <datafield tag="035" ind1=" " ind2=" ">
      <subfield code="a">(CKB)2550000000082892</subfield>
    </datafield>
    <datafield tag="035" ind1=" " ind2=" ">
      <subfield code="a">(EBL)833406</subfield>
    </datafield>
    <datafield tag="035" ind1=" " ind2=" ">
      <subfield code="a">(OCoLC)775869798</subfield>
    </datafield>
    <datafield tag="035" ind1=" " ind2=" ">
      <subfield code="a">(SSID)ssj0000611381</subfield>
    </datafield>
    <datafield tag="035" ind1=" " ind2=" ">
      <subfield code="a">(PQKBManifestationID)11357773</subfield>
    </datafield>
    <datafield tag="035" ind1=" " ind2=" ">
      <subfield code="a">(PQKBTitleCode)TC0000611381</subfield>
    </datafield>
    <datafield tag="035" ind1=" " ind2=" ">
      <subfield code="a">(PQKBWorkID)10666593</subfield>
    </datafield>
    <datafield tag="035" ind1=" " ind2=" ">
      <subfield code="a">(PQKB)10723523</subfield>
    </datafield>
    <datafield tag="035" ind1=" " ind2=" ">
      <subfield code="a">(UkCbUP)CR9780511806001</subfield>
    </datafield>
    <datafield tag="035" ind1=" " ind2=" ">
      <subfield code="a">(MiAaPQ)EBC833406</subfield>
    </datafield>
    <datafield tag="035" ind1=" " ind2=" ">
      <subfield code="a">(EXLCZ)992550000000082892</subfield>
    </datafield>
    <datafield tag="040" ind1=" " ind2=" ">
      <subfield code="a">MiAaPQ</subfield>
      <subfield code="c">MiAaPQ</subfield>
      <subfield code="d">MiAaPQ</subfield>
    </datafield>
    <datafield tag="041" ind1=" " ind2=" ">
      <subfield code="a">eng</subfield>
    </datafield>
    <datafield tag="043" ind1=" " ind2=" ">
      <subfield code="a">n-us---</subfield>
    </datafield>
    <datafield tag="050" ind1=" " ind2="4">
      <subfield code="a">JK2281</subfield>
      <subfield code="b">.L385 2012</subfield>
    </datafield>
    <datafield tag="082" ind1="0" ind2="0">
      <subfield code="a">324.7</subfield>
    </datafield>
    <datafield tag="100" ind1="1" ind2=" ">
      <subfield code="a">Lawless, Jennifer L.,</subfield>
      <subfield code="d">1975-</subfield>
    </datafield>
    <datafield tag="245" ind1="1" ind2="0">
      <subfield code="a">Becoming a candidate</subfield>
      <subfield code="h">[electronic resource] :</subfield>
      <subfield code="b">political ambition and the decision to run for office /</subfield>
      <subfield code="c">Jennifer L. Lawless.</subfield>
    </datafield>
    <datafield tag="260" ind1=" " ind2=" ">
      <subfield code="a">New York :</subfield>
      <subfield code="b">Cambridge University Press,</subfield>
      <subfield code="c">2012.</subfield>
    </datafield>
    <datafield tag="300" ind1=" " ind2=" ">
      <subfield code="a">1 online resource (304 p.)</subfield>
    </datafield>
    <datafield tag="336" ind1=" " ind2=" ">
      <subfield code="a">text</subfield>
      <subfield code="b">txt</subfield>
    </datafield>
    <datafield tag="337" ind1=" " ind2=" ">
      <subfield code="a">computer</subfield>
      <subfield code="b">c</subfield>
    </datafield>
    <datafield tag="338" ind1=" " ind2=" ">
      <subfield code="a">online resource</subfield>
      <subfield code="b">cr</subfield>
    </datafield>
    <datafield tag="500" ind1=" " ind2=" ">
      <subfield code="a">Description based upon print version of record.</subfield>
    </datafield>
    <datafield tag="505" ind1="0" ind2=" ">
      <subfield code="a">Cover; Becoming a Candidate: Political Ambition and the Decision to Run for Office; Title; Copyright; Dedication; Contents; List of Tables; List of Figures; Acknowledgments; 1: Mudslinging, Money-Grubbing, and Mayhem: Who Would Ever Run for Office?; The Importance of Studying the Initial Decision to Run for Office; Organization of the Book; 2: The Decision to Run for Office: The Theoretical and Methodological Approach; The Initial Decision to Run for Office: Developing a More Complete Theory of Political Ambition; The Citizen Political Ambition Panel Study</subfield>
    </datafield>
    <datafield tag="505" ind1="8" ind2=" ">
      <subfield code="a">3: Political Ambition in the Candidate Eligibility PoolCandidate Emergence from the Eligibility Pool; Who Runs for Office? Eligible Candidates' Expressive Ambition; Who Considers Running for Office? Eligible Candidates' Nascent Ambition; Predicting Nascent Ambition: The Null Effects of the Political Opportunity Structure; Dynamic Ambition in the Candidate Eligibility Pool; Conclusion; 4: Barack Obama and 18 Million Cracks in the Glass Ceiling: Sex, Race, and Political Ambition; The Politics of Exclusion: Sex, Race, and the Conventional Explanations for Numeric Underrepresentation</subfield>
    </datafield>
    <datafield tag="505" ind1="8" ind2=" ">
      <subfield code="a">Sex, Race, and Political Ambition: Existing Literature and Competing ExpectationsSimilarities in Political Participation, Proximity, and Interest: An Overview by Sex and Race; Sex, Race, and Interest in Running for Office; Sex, Race, and Changes in Interest in Running for Office: Predicting Dynamic Ambition; Conclusion; 5: You Could Be President Someday!: Early Socialization, the Role of Family, and Political Ambition; In the Genes: The Lifelong Effects of a Politicized Upbringing; The Influence of Family Structures and Roles on Political Ambition</subfield>
    </datafield>
    <datafield tag="505" ind1="8" ind2=" ">
      <subfield code="a">Changes in Family Circumstances: Predicting Dynamic AmbitionConclusion; 6: On-the-Job Training: Professional Circumstances and the Decision to Run for Office; Professional Differences and Political Ambition in the Candidate Eligibility Pool: A Bivariate Analysis; The Role of Income and Financial Success; The Role of Professionally Conferred Political Proximity; The Role of Professional Credentials and Qualifications; A Side Note on the Gender Gap in Perceptions of Qualifications; The Impact of Professional Circumstances on Political Ambition: Multivariate Results</subfield>
    </datafield>
    <datafield tag="505" ind1="8" ind2=" ">
      <subfield code="a">Changes in Professional Circumstances: Predicting Dynamic AmbitionConclusion; 7: You Think I Should Run for Office?: Political Parties, Political Recruitment, and Political Ambition; Eligible Candidates' Political Attitudes and Partisanship; Who Gets Asked to Run for Office?; Political Recruitment and Considering a Candidacy; Changes in Relationships With and About the Political Parties: Predicting Dynamic Ambition; Conclusion; 8: Biting the Bullet: Deciding to Run for Office; So Many Reasons Not to Run for Office: Negative Perceptions of the Electoral Environment and the Campaign Process</subfield>
    </datafield>
    <datafield tag="505" ind1="8" ind2=" ">
      <subfield code="a">Fundraising as a Deterrent to Running for Office</subfield>
    </datafield>
    <datafield tag="520" ind1=" " ind2=" ">
      <subfield code="a">This book is about political ambition - who has it, how it is fostered and how it evolves.</subfield>
    </datafield>
    <datafield tag="546" ind1=" " ind2=" ">
      <subfield code="a">English</subfield>
    </datafield>
    <datafield tag="504" ind1=" " ind2=" ">
      <subfield code="a">Includes bibliographical references and index.</subfield>
    </datafield>
    <datafield tag="650" ind1=" " ind2="0">
      <subfield code="a">Political candidates</subfield>
      <subfield code="z">United States.</subfield>
    </datafield>
    <datafield tag="650" ind1=" " ind2="0">
      <subfield code="a">Political candidates</subfield>
      <subfield code="z">United States</subfield>
      <subfield code="v">Case studies.</subfield>
    </datafield>
    <datafield tag="655" ind1=" " ind2="4">
      <subfield code="a">Electronic books.</subfield>
    </datafield>
    <datafield tag="776" ind1=" " ind2=" ">
      <subfield code="z">0-521-75660-X</subfield>
    </datafield>
    <datafield tag="776" ind1=" " ind2=" ">
      <subfield code="z">0-521-76749-0</subfield>
    </datafield>
    <datafield tag="906" ind1=" " ind2=" ">
      <subfield code="a">BOOK</subfield>
    </datafield>
    <datafield tag="ADM" ind1=" " ind2=" ">
      <subfield code="b">2020-06-21 18:36:00</subfield>
      <subfield code="e">2550000000082892</subfield>
      <subfield code="d">EBC</subfield>
      <subfield code="a">2012-04-01 12:08:16</subfield>
      <subfield code="c">false</subfield>
    </datafield>
    <datafield tag="PRT" ind1=" " ind2=" ">
      <subfield code="updated">2019-05-21 10:06:45</subfield>
      <subfield code="i">61395691750003811</subfield>
      <subfield code="e">EBSCOhost</subfield>
      <subfield code="c">EBSCOhost eBook Community College Collection</subfield>
      <subfield code="created">2019-05-21 10:06:45</subfield>
      <subfield code="j">62395691740003811</subfield>
      <subfield code="a">53467669590003811</subfield>
      <subfield code="b">https://sandbox01-na.alma.exlibrisgroup.com/view/uresolver/01TULI_INST/openurl?u.ignore_date_coverage=true&amp;rft.mms_id=991036921794403811</subfield>
      <subfield code="9">Available</subfield>
      <subfield code="h">613860000000000003</subfield>
      <subfield code="8">53467669590003811</subfield>
    </datafield>
    <datafield tag="PRT" ind1=" " ind2=" ">
      <subfield code="updated">2018-07-17 01:41:20</subfield>
      <subfield code="i">61423633630003811</subfield>
      <subfield code="e">Ebook Central</subfield>
      <subfield code="c">Ebook Central College Complete</subfield>
      <subfield code="created">2018-07-17 01:41:20</subfield>
      <subfield code="j">62423633620003811</subfield>
      <subfield code="a">53429210690003811</subfield>
      <subfield code="b">https://sandbox01-na.alma.exlibrisgroup.com/view/uresolver/01TULI_INST/openurl?u.ignore_date_coverage=true&amp;rft.mms_id=991036921794403811</subfield>
      <subfield code="9">Available</subfield>
      <subfield code="h">614330000000000032</subfield>
      <subfield code="8">53429210690003811</subfield>
    </datafield>
    <datafield tag="PRT" ind1=" " ind2=" ">
      <subfield code="updated">2018-07-17 01:43:35</subfield>
      <subfield code="i">61419889170003811</subfield>
      <subfield code="e">Ebook Central</subfield>
      <subfield code="c">Ebook Central Academic Complete</subfield>
      <subfield code="created">2018-07-17 01:43:35</subfield>
      <subfield code="j">62419889160003811</subfield>
      <subfield code="a">53429239670003811</subfield>
      <subfield code="b">https://sandbox01-na.alma.exlibrisgroup.com/view/uresolver/01TULI_INST/openurl?u.ignore_date_coverage=true&amp;rft.mms_id=991036921794403811</subfield>
      <subfield code="9">Available</subfield>
      <subfield code="h">614200000000000002</subfield>
      <subfield code="8">53429239670003811</subfield>
    </datafield>
    <datafield tag="PRT" ind1=" " ind2=" ">
      <subfield code="updated">2019-05-15 08:27:48</subfield>
      <subfield code="i">61391921830003811</subfield>
      <subfield code="e">EBSCOhost</subfield>
      <subfield code="c">EBSCOhost Academic eBook Collection (North America)</subfield>
      <subfield code="created">2019-05-15 08:27:48</subfield>
      <subfield code="j">62391921820003811</subfield>
      <subfield code="a">53467488350003811</subfield>
      <subfield code="b">https://sandbox01-na.alma.exlibrisgroup.com/view/uresolver/01TULI_INST/openurl?u.ignore_date_coverage=true&amp;rft.mms_id=991036921794403811</subfield>
      <subfield code="9">Available</subfield>
      <subfield code="h">613640000000000029</subfield>
      <subfield code="8">53467488350003811</subfield>
    </datafield>
  </record>