
  <record>
    <leader>04496cam a2200553 i 4500</leader>
    <controlfield tag="005">20190930174803.0</controlfield>
    <controlfield tag="008">180922s2019    nyua     b   s001 0 eng c</controlfield>
    <controlfield tag="001">991037067206703811</controlfield>
    <datafield tag="010" ind1=" " ind2=" ">
      <subfield code="a">  2018027994</subfield>
    </datafield>
    <datafield tag="019" ind1=" " ind2=" ">
      <subfield code="a">1102682522</subfield>
    </datafield>
    <datafield tag="020" ind1=" " ind2=" ">
      <subfield code="a">9781438474151</subfield>
      <subfield code="q">hardcover</subfield>
      <subfield code="q">alkaline paper</subfield>
    </datafield>
    <datafield tag="020" ind1=" " ind2=" ">
      <subfield code="a">1438474156</subfield>
      <subfield code="q">hardcover</subfield>
      <subfield code="q">alkaline paper</subfield>
    </datafield>
    <datafield tag="020" ind1=" " ind2=" ">
      <subfield code="z">9781438474168</subfield>
      <subfield code="q">electronic book</subfield>
    </datafield>
    <datafield tag="035" ind1=" " ind2=" ">
      <subfield code="a">(OCoLC)1057241850</subfield>
    </datafield>
    <datafield tag="040" ind1=" " ind2=" ">
      <subfield code="a">LBSOR/DLC</subfield>
      <subfield code="b">eng</subfield>
      <subfield code="e">rda</subfield>
      <subfield code="c">DLC</subfield>
      <subfield code="d">OCLCO</subfield>
      <subfield code="d">OCLCF</subfield>
      <subfield code="d">BDX</subfield>
      <subfield code="d">YDX</subfield>
      <subfield code="d">ERASA</subfield>
      <subfield code="d">YDX</subfield>
      <subfield code="d">VTU</subfield>
      <subfield code="d">GZM</subfield>
      <subfield code="d">BNG</subfield>
    </datafield>
    <datafield tag="042" ind1=" " ind2=" ">
      <subfield code="a">pcc</subfield>
    </datafield>
    <datafield tag="043" ind1=" " ind2=" ">
      <subfield code="a">n-us---</subfield>
    </datafield>
    <datafield tag="050" ind1="0" ind2="0">
      <subfield code="a">E184.A1</subfield>
      <subfield code="b">N368 2019</subfield>
    </datafield>
    <datafield tag="082" ind1="0" ind2="0">
      <subfield code="a">305.800973/0905</subfield>
      <subfield code="2">23</subfield>
    </datafield>
    <datafield tag="245" ind1="0" ind2="0">
      <subfield code="a">Neo-race realities in the Obama era /</subfield>
      <subfield code="c">edited by Heather E. Harris.</subfield>
    </datafield>
    <datafield tag="264" ind1=" " ind2="1">
      <subfield code="a">Albany :</subfield>
      <subfield code="b">State University of New York Press,</subfield>
      <subfield code="c">[2019]</subfield>
    </datafield>
    <datafield tag="300" ind1=" " ind2=" ">
      <subfield code="a">xviii, 156 pages :</subfield>
      <subfield code="b">illustrations ;</subfield>
      <subfield code="c">24 cm</subfield>
    </datafield>
    <datafield tag="336" ind1=" " ind2=" ">
      <subfield code="a">text</subfield>
      <subfield code="b">txt</subfield>
      <subfield code="2">rdacontent</subfield>
    </datafield>
    <datafield tag="337" ind1=" " ind2=" ">
      <subfield code="a">unmediated</subfield>
      <subfield code="b">n</subfield>
      <subfield code="2">rdamedia</subfield>
    </datafield>
    <datafield tag="338" ind1=" " ind2=" ">
      <subfield code="a">volume</subfield>
      <subfield code="b">nc</subfield>
      <subfield code="2">rdacarrier</subfield>
    </datafield>
    <datafield tag="520" ind1=" " ind2=" ">
      <subfield code="a">"Expanding the discourse about Barack Obama's two terms as President of the United States America, Perspectives of Neo-Race Realities in the Obama Era reflects upon the impact of neo-racism during his tenure. Continually in conversation with Etienne Balibar's conceptualization of neo-racism as being racism without race, the contributors to this volume examine how identities become the target of neo-racist discriminatory practices and policies in the US. Individual chapters attend, specifically, to how President Obama's multiple and intersecting identities, beyond the racial binaries of Black and White, were perceived as well as how his presence impacted certain marginalized groups in our society as a result of his administration's policies. Evidencing the hegemonic complexity of neo-racism in the US, these contributors illustrate how the mythic post-race society that many wished for on election night in 2008 was deferred in order to return to the uncomfortable comfort zone of the way America used to be"--</subfield>
      <subfield code="c">Provided by publisher.</subfield>
    </datafield>
    <datafield tag="504" ind1=" " ind2=" ">
      <subfield code="a">Includes bibliographical references and index.</subfield>
    </datafield>
    <datafield tag="505" ind1="0" ind2=" ">
      <subfield code="a">Obama's transformation of American myths / Zoe&#x308; Hess Carney -- Transformational masculinity and fathering in the age of Obama: "roses and thorns" / Shanette M. Harris -- How Obama's hybridity stifled black nationalist rhetorical identity: an ideological analysis on his two-term third-space leadership / Omowale T. Elson -- "Who gets to sya Hussein? The impact of anti-Muslim sentiment during the Obama era" / Nura A. Sediqe -- The end of AIDS? a critical analysis of the national HIV/AIDS strategy / Andrew R. Spieldenner, Tomeka M. Robinson, and Anjuliet G. Woodruffe -- The president was black, y'all: presidential humor, neo-racism, and the social construction of blackness and whiteness / Jenny Ungbha Korn -- L'homme de la cre&#x301;olisation: Obama, neo-racism, and cultural and territorial creolization / Douglas-Wade Brunton.</subfield>
    </datafield>
    <datafield tag="650" ind1=" " ind2="7">
      <subfield code="a">Post-racialism.</subfield>
      <subfield code="2">fast</subfield>
      <subfield code="0">http://id.worldcat.org/fast/1747455</subfield>
    </datafield>
    <datafield tag="650" ind1="1" ind2="7">
      <subfield code="a">Post-racialism.</subfield>
      <subfield code="2">fast</subfield>
      <subfield code="0">http://id.worldcat.org/fast/1747455</subfield>
    </datafield>
    <datafield tag="650" ind1="1" ind2="7">
      <subfield code="a">Racism.</subfield>
      <subfield code="2">fast</subfield>
      <subfield code="0">http://id.worldcat.org/fast/1086616</subfield>
    </datafield>
    <datafield tag="650" ind1="2" ind2="7">
      <subfield code="a">Race relations.</subfield>
      <subfield code="2">fast</subfield>
      <subfield code="0">http://id.worldcat.org/fast/1086509</subfield>
    </datafield>
    <datafield tag="650" ind1=" " ind2="0">
      <subfield code="a">Racism</subfield>
      <subfield code="z">United States.</subfield>
      <subfield code="0">http://id.loc.gov/authorities/subjects/sh2008110339</subfield>
    </datafield>
    <datafield tag="650" ind1=" " ind2="0">
      <subfield code="a">Post-racialism</subfield>
      <subfield code="0">http://id.loc.gov/authorities/subjects/sh2009000930</subfield>
      <subfield code="z">United States.</subfield>
      <subfield code="0">http://id.loc.gov/authorities/names/n78095330</subfield>
    </datafield>
    <datafield tag="650" ind1=" " ind2="7">
      <subfield code="a">Influence (Literary, artistic, etc.)</subfield>
      <subfield code="2">fast</subfield>
      <subfield code="0">http://id.worldcat.org/fast/972484</subfield>
    </datafield>
    <datafield tag="650" ind1=" " ind2="7">
      <subfield code="a">Race relations.</subfield>
      <subfield code="2">fast</subfield>
      <subfield code="0">http://id.worldcat.org/fast/1086509</subfield>
    </datafield>
    <datafield tag="650" ind1=" " ind2="7">
      <subfield code="a">Racism.</subfield>
      <subfield code="2">fast</subfield>
      <subfield code="0">http://id.worldcat.org/fast/1086616</subfield>
    </datafield>
    <datafield tag="651" ind1=" " ind2="0">
      <subfield code="a">United States</subfield>
      <subfield code="x">Race relations</subfield>
      <subfield code="y">21st century.</subfield>
      <subfield code="0">http://id.loc.gov/authorities/subjects/sh85140494</subfield>
      <subfield code="0">http://id.loc.gov/authorities/subjects/sh2002012478</subfield>
    </datafield>
    <datafield tag="651" ind1=" " ind2="7">
      <subfield code="a">United States.</subfield>
      <subfield code="2">fast</subfield>
      <subfield code="0">http://id.worldcat.org/fast/1204155</subfield>
    </datafield>
    <datafield tag="651" ind1="2" ind2="7">
      <subfield code="a">United States.</subfield>
      <subfield code="2">fast</subfield>
      <subfield code="0">http://id.worldcat.org/fast/1204155</subfield>
    </datafield>
    <datafield tag="651" ind1="1" ind2="7">
      <subfield code="a">United States.</subfield>
      <subfield code="2">fast</subfield>
      <subfield code="0">http://id.worldcat.org/fast/1204155</subfield>
    </datafield>
    <datafield tag="600" ind1="1" ind2="0">
      <subfield code="a">Obama, Barack</subfield>
      <subfield code="0">http://id.loc.gov/authorities/names/n94112934</subfield>
      <subfield code="x">Influence.</subfield>
      <subfield code="0">http://id.loc.gov/authorities/subjects/sh2002005444</subfield>
    </datafield>
    <datafield tag="600" ind1="1" ind2="7">
      <subfield code="a">Obama, Barack.</subfield>
      <subfield code="2">fast</subfield>
      <subfield code="0">http://id.worldcat.org/fast/348231</subfield>
    </datafield>
    <datafield tag="600" ind1=" " ind2="7">
      <subfield code="a">Obama, Barack.</subfield>
      <subfield code="2">fast</subfield>
      <subfield code="0">http://id.worldcat.org/fast/348231</subfield>
    </datafield>
    <datafield tag="648" ind1=" " ind2="7">
      <subfield code="a">21st century.</subfield>
      <subfield code="2">fast</subfield>
    </datafield>
    <datafield tag="648" ind1=" " ind2="7">
      <subfield code="a">2000-2099</subfield>
      <subfield code="2">fast</subfield>
    </datafield>
    <datafield tag="700" ind1="1" ind2=" ">
      <subfield code="a">Harris, Heather E.,</subfield>
      <subfield code="0">http://id.loc.gov/authorities/names/n2010049668</subfield>
      <subfield code="e">editor.</subfield>
    </datafield>
    <datafield tag="904" ind1=" " ind2=" ">
      <subfield code="a">MARCIVE 20200629</subfield>
    </datafield>
    <datafield tag="945" ind1=" " ind2="1">
      <subfield code="i">39074031780661</subfield>
      <subfield code="k">MAIN</subfield>
      <subfield code="l">stacks</subfield>
      <subfield code="a">E184.A1</subfield>
      <subfield code="b">N368 2019</subfield>
      <subfield code="z">090</subfield>
    </datafield>
    <datafield tag="960" ind1=" " ind2=" ">
      <subfield code="k">BLOCKSON</subfield>
      <subfield code="g">MONOGRAPH</subfield>
      <subfield code="l">rarestacks</subfield>
      <subfield code="o">1</subfield>
      <subfield code="q">061719</subfield>
      <subfield code="s">85.00</subfield>
      <subfield code="u">e5blf</subfield>
      <subfield code="v">coutt</subfield>
    </datafield>
    <datafield tag="960" ind1=" " ind2=" ">
      <subfield code="k">MAIN</subfield>
      <subfield code="l">stacks</subfield>
    </datafield>
    <datafield tag="961" ind1=" " ind2=" ">
      <subfield code="f">acqrat</subfield>
      <subfield code="h">Allow Duplication</subfield>
      <subfield code="i">43957594</subfield>
    </datafield>
    <datafield tag="979" ind1=" " ind2=" ">
      <subfield code="a">(OCoLC)1057241850</subfield>
    </datafield>
    <datafield tag="980" ind1=" " ind2=" ">
      <subfield code="a">08-28-19</subfield>
      <subfield code="b">8500</subfield>
      <subfield code="e">6842</subfield>
      <subfield code="f">I20120318</subfield>
    </datafield>
    <datafield tag="981" ind1=" " ind2=" ">
      <subfield code="a">Coutt</subfield>
      <subfield code="b">cthua</subfield>
      <subfield code="d">43957594</subfield>
      <subfield code="e">SLI</subfield>
      <subfield code="k">MAIN</subfield>
      <subfield code="l">stacks</subfield>
    </datafield>
    <datafield tag="997" ind1=" " ind2=" ">
      <subfield code="a">20190731112512.0</subfield>
      <subfield code="c">AB</subfield>
      <subfield code="d">TEU</subfield>
      <subfield code="s">OCLC</subfield>
      <subfield code="e">WCAT</subfield>
    </datafield>
    <datafield tag="ADM" ind1=" " ind2=" ">
      <subfield code="b">2020-09-08 22:16:55</subfield>
      <subfield code="e">991037067206703811</subfield>
      <subfield code="d">MARCIVE</subfield>
      <subfield code="f">20190912123900.0</subfield>
      <subfield code="a">2019-06-17 19:31:25</subfield>
      <subfield code="c">false</subfield>
    </datafield>
    <datafield tag="HLD" ind1="0" ind2=" ">
      <subfield code="b">BLOCKSON</subfield>
      <subfield code="c">rarestacks</subfield>
      <subfield code="h">E184.A1</subfield>
      <subfield code="i">N368 2019</subfield>
      <subfield code="8">22468987740003811</subfield>
      <subfield code="updated">2019-07-31 15:57:27</subfield>
      <subfield code="created">2019-06-17 19:32:01</subfield>
    </datafield>
    <datafield tag="HLD" ind1="0" ind2=" ">
      <subfield code="b">MAIN</subfield>
      <subfield code="c">stacks</subfield>
      <subfield code="h">E184.A1</subfield>
      <subfield code="i">N368 2019</subfield>
      <subfield code="t">0</subfield>
      <subfield code="8">22472752580003811</subfield>
      <subfield code="updated">2019-08-29 14:10:11</subfield>
      <subfield code="created">2019-08-29 14:10:11</subfield>
    </datafield>
    <datafield tag="ITM" ind1=" " ind2=" ">
      <subfield code="r">22468987740003811</subfield>
      <subfield code="b">1</subfield>
      <subfield code="h">0</subfield>
      <subfield code="g">rarestacks</subfield>
      <subfield code="t">BOOK</subfield>
      <subfield code="9">39074025744129</subfield>
      <subfield code="e">rarestacks</subfield>
      <subfield code="8">23468987730003811</subfield>
      <subfield code="j">0</subfield>
      <subfield code="a">3</subfield>
      <subfield code="i">E184.A1 N368 2019</subfield>
      <subfield code="updated">2019-07-31 15:57:27</subfield>
      <subfield code="q">2019-06-17 19:32:01</subfield>
      <subfield code="d">BLOCKSON</subfield>
      <subfield code="f">BLOCKSON</subfield>
    </datafield>
    <datafield tag="ITM" ind1=" " ind2=" ">
      <subfield code="r">22472752580003811</subfield>
      <subfield code="b">1</subfield>
      <subfield code="h">0</subfield>
      <subfield code="g">stacks</subfield>
      <subfield code="t">BOOK</subfield>
      <subfield code="9">39074031780661</subfield>
      <subfield code="e">stacks</subfield>
      <subfield code="l">0</subfield>
      <subfield code="8">23472752530003811</subfield>
      <subfield code="a">0</subfield>
      <subfield code="i">E184.A1 N368 2019</subfield>
      <subfield code="updated">2019-09-20 12:36:28</subfield>
      <subfield code="q">2019-08-29 14:10:11</subfield>
      <subfield code="d">MAIN</subfield>
      <subfield code="f">MAIN</subfield>
    </datafield>
  </record>