
  <record>
    <leader>05621cam a2200553 i 4500</leader>
    <controlfield tag="005">20190715152858.0</controlfield>
    <controlfield tag="008">121016s2013    nyu      b    001 0 eng  </controlfield>
    <controlfield tag="001">991032813239703811</controlfield>
    <datafield tag="010" ind1=" " ind2=" ">
      <subfield code="a">2012034861</subfield>
    </datafield>
    <datafield tag="020" ind1=" " ind2=" ">
      <subfield code="a">9781433116865</subfield>
      <subfield code="q">(hardcover)</subfield>
      <subfield code="q">(alkaline paper)</subfield>
    </datafield>
    <datafield tag="020" ind1=" " ind2=" ">
      <subfield code="a">1433116863</subfield>
      <subfield code="q">(hardcover)</subfield>
      <subfield code="q">(alkaline paper)</subfield>
    </datafield>
    <datafield tag="020" ind1=" " ind2=" ">
      <subfield code="a">9781433116506</subfield>
      <subfield code="q">(paperback)</subfield>
      <subfield code="q">(alkaline paper)</subfield>
    </datafield>
    <datafield tag="020" ind1=" " ind2=" ">
      <subfield code="a">1433116502</subfield>
      <subfield code="q">(paperback)</subfield>
      <subfield code="q">(alkaline paper)</subfield>
    </datafield>
    <datafield tag="020" ind1=" " ind2=" ">
      <subfield code="z">9781453909317</subfield>
      <subfield code="q">(e-book)</subfield>
    </datafield>
    <datafield tag="035" ind1=" " ind2=" ">
      <subfield code="a">(PPT)b53899416-01tuli_inst</subfield>
    </datafield>
    <datafield tag="035" ind1=" " ind2=" ">
      <subfield code="a">(OCoLC)ocn844313585</subfield>
      <subfield code="9">ExL</subfield>
    </datafield>
    <datafield tag="035" ind1=" " ind2=" ">
      <subfield code="a">(OCoLC)813413599</subfield>
    </datafield>
    <datafield tag="035" ind1=" " ind2=" ">
      <subfield code="a">ocn813413599</subfield>
    </datafield>
    <datafield tag="035" ind1=" " ind2=" ">
      <subfield code="a">(OCLC)ocn813413599</subfield>
    </datafield>
    <datafield tag="040" ind1=" " ind2=" ">
      <subfield code="a">DLC</subfield>
      <subfield code="b">eng</subfield>
      <subfield code="e">rda</subfield>
      <subfield code="c">DLC</subfield>
      <subfield code="d">YDX</subfield>
      <subfield code="d">OCLCO</subfield>
      <subfield code="d">YDXCP</subfield>
      <subfield code="d">BTCTA</subfield>
      <subfield code="d">BWX</subfield>
      <subfield code="d">CDX</subfield>
    </datafield>
    <datafield tag="042" ind1=" " ind2=" ">
      <subfield code="a">pcc</subfield>
    </datafield>
    <datafield tag="043" ind1=" " ind2=" ">
      <subfield code="a">n-us---</subfield>
    </datafield>
    <datafield tag="079" ind1=" " ind2=" ">
      <subfield code="a">ocn813413599</subfield>
    </datafield>
    <datafield tag="090" ind1=" " ind2=" ">
      <subfield code="a">LB1715</subfield>
      <subfield code="b">.B38 2013</subfield>
    </datafield>
    <datafield tag="245" ind1="0" ind2="0">
      <subfield code="a">Becoming and being a teacher :</subfield>
      <subfield code="b">confronting traditional norms to create new democratic realities /</subfield>
      <subfield code="c">edited by P.L. Thomas.</subfield>
    </datafield>
    <datafield tag="264" ind1=" " ind2="1">
      <subfield code="a">New York :</subfield>
      <subfield code="b">Peter Lang,</subfield>
      <subfield code="c">[2013]</subfield>
    </datafield>
    <datafield tag="300" ind1=" " ind2=" ">
      <subfield code="a">xviii, 302 pages ;</subfield>
      <subfield code="c">23 cm.</subfield>
    </datafield>
    <datafield tag="336" ind1=" " ind2=" ">
      <subfield code="a">text</subfield>
      <subfield code="2">rdacontent</subfield>
    </datafield>
    <datafield tag="337" ind1=" " ind2=" ">
      <subfield code="a">unmediated</subfield>
      <subfield code="2">rdamedia</subfield>
    </datafield>
    <datafield tag="338" ind1=" " ind2=" ">
      <subfield code="a">volume</subfield>
      <subfield code="2">rdacarrier</subfield>
    </datafield>
    <datafield tag="490" ind1="0" ind2=" ">
      <subfield code="a">Critical studies in democracy and political literacy,</subfield>
      <subfield code="x">2166-5036 ;</subfield>
      <subfield code="v">vol. 2</subfield>
    </datafield>
    <datafield tag="504" ind1=" " ind2=" ">
      <subfield code="a">Includes bibliographical references and index.</subfield>
    </datafield>
    <datafield tag="520" ind1=" " ind2=" ">
      <subfield code="a">Noting that traditional education has long been an "authoritarian-structured and state-controlled avenue to assure that children are quiet, still, and receptive, much as corporate America wants its workers to be," Thomas (education, Furman U.) presents 18 chapters that challenge the neoliberal and technocratic assumptions behind traditional schooling and contemporary education reform paradigms that have accelerated under the George W. Bush and Barack Obama presidential administrations. The chapter authors critically examine the experience of becoming and being a teacher with regards to issues of democracy and political literacy; confrontation with neoliberal assumptions about society and education; promotion of teaching as a political act and of critical subjectivity as a rejection of traditional paradigms of teaching; and recognition of the marginalizing politics of race, gender, sexuality, and class. Annotation &#xA9;2013 Book News, Inc., Portland, OR (booknews.com)</subfield>
    </datafield>
    <datafield tag="505" ind1="0" ind2=" ">
      <subfield code="a">Continuous becoming: fieldwork as a mutually transformative experience / Thomas Robertine -- Becoming a teacher: fostering a democratically conscious citizenry through critical pedagogy / Ana L. Cruz -- Teach for America, urban reform, and the new Taylorism in public education / Katherine Crawford-Garrett -- Becoming a teacher in an era of curricular standardization and reductionist learning outcomes: a poetic interpretation / Lisa William-White -- Learning to teach: values in action / Anthony Cody -- The corporate takeover of teacher education: exposing and challenging NCTQ's neoliberal agenda / Brad Porfilio and Lauren Hoffman -- Right thinking people: becoming a teacher educator in the age of austerity / John L. Hoben -- Neoliberalism and teacher preparation: systematic barriers to critical democratic education / John M. Elmore -- Too late for public education?: becoming a teacher in a neoliberal era / Julie A. Gorlewski and David A. Gorlewski -- Ignorance is strength: teaching in the shadow of big brother / Lawrence Baines -- Beware reformers bearing gifts: how the right uses the language of social justice to reinforce inequity / Ann G. Winfield and Alan S. Canestrari -- Spotlight on failure: the mythology of corporate education reform / Gordon D. Bambrick -- More than graphs and scripted programs: teachers navigating the educational policy terrain / Amy Seely Flint [and seven others] -- Not bound by stupid binaries: dismantling gender in public schools through a new consciousness and claiming of agency / Dana M. Stachowiak -- So this is America: a narrative of becoming and being a teacher / Galen Leonhardy -- Neoliberalism and the Filipino teacher: shaking the system for a genuine democracy / Regletto Aldrich Imbong -- Mandated scripted curriculum: a benefit or barrier to democratic teaching and learning? / Katie Stover and Crystal Glover -- Schools as battlegrounds: the authoritarian jurisprudence of Clarence Thomas / A. Scott Henderson -- Troubling traditional notions of "prepared": two urban teachers ignite the boundaries of progressive and critical theories / Melissa Winchell and Patricia Chouinard -- Why accountability measures fail: practitioner perspectives on the role of teacher efficacy / Dawn Mitchell -- Empowerment through classroom cultural inquiries / Michael Svec -- Conclusion / P.L. Thomas.</subfield>
    </datafield>
    <datafield tag="650" ind1=" " ind2="0">
      <subfield code="a">Teachers</subfield>
      <subfield code="x">Training of</subfield>
      <subfield code="z">United States.</subfield>
      <subfield code="0">http://id.loc.gov/authorities/subjects/sh85133001</subfield>
    </datafield>
    <datafield tag="650" ind1=" " ind2="0">
      <subfield code="a">Teachers</subfield>
      <subfield code="z">United States</subfield>
      <subfield code="0">http://id.loc.gov/authorities/subjects/sh92004457</subfield>
      <subfield code="x">Conduct of life.</subfield>
      <subfield code="0">http://id.loc.gov/authorities/subjects/sh99005313</subfield>
    </datafield>
    <datafield tag="650" ind1=" " ind2="0">
      <subfield code="a">Critical pedagogy.</subfield>
      <subfield code="0">http://id.loc.gov/authorities/subjects/sh91004641</subfield>
    </datafield>
    <datafield tag="650" ind1=" " ind2="7">
      <subfield code="a">Critical pedagogy.</subfield>
      <subfield code="2">fast</subfield>
      <subfield code="0">http://id.worldcat.org/fast/883676</subfield>
    </datafield>
    <datafield tag="650" ind1=" " ind2="0">
      <subfield code="a">Neoliberalism.</subfield>
      <subfield code="0">http://id.loc.gov/authorities/subjects/sh2005001629</subfield>
    </datafield>
    <datafield tag="650" ind1=" " ind2="7">
      <subfield code="a">Neoliberalism.</subfield>
      <subfield code="2">fast</subfield>
      <subfield code="0">http://id.worldcat.org/fast/1737382</subfield>
    </datafield>
    <datafield tag="650" ind1="1" ind2="7">
      <subfield code="a">Teachers.</subfield>
      <subfield code="2">fast</subfield>
      <subfield code="0">http://id.worldcat.org/fast/1144248</subfield>
    </datafield>
    <datafield tag="650" ind1="2" ind2="7">
      <subfield code="a">Conduct of life.</subfield>
      <subfield code="2">fast</subfield>
      <subfield code="0">http://id.worldcat.org/fast/874563</subfield>
    </datafield>
    <datafield tag="650" ind1="1" ind2="7">
      <subfield code="a">Teachers</subfield>
      <subfield code="x">Training of.</subfield>
      <subfield code="2">fast</subfield>
      <subfield code="0">http://id.worldcat.org/fast/1144404</subfield>
    </datafield>
    <datafield tag="651" ind1="2" ind2="7">
      <subfield code="a">United States.</subfield>
      <subfield code="2">fast</subfield>
      <subfield code="0">http://id.worldcat.org/fast/1204155</subfield>
    </datafield>
    <datafield tag="700" ind1="1" ind2=" ">
      <subfield code="a">Thomas, P. L.</subfield>
      <subfield code="q">(Paul Lee),</subfield>
      <subfield code="d">1961-</subfield>
      <subfield code="0">http://id.loc.gov/authorities/names/n2001029918</subfield>
      <subfield code="e">editor of compiliation.</subfield>
    </datafield>
    <datafield tag="902" ind1=" " ind2=" ">
      <subfield code="a">140429</subfield>
    </datafield>
    <datafield tag="902" ind1=" " ind2=" ">
      <subfield code="a">MARCIVE-BF 20190703</subfield>
    </datafield>
    <datafield tag="903" ind1=" " ind2=" ">
      <subfield code="a">MARCIVE-TOC201904</subfield>
    </datafield>
    <datafield tag="904" ind1=" " ind2=" ">
      <subfield code="a">MARCIVE 20200629</subfield>
    </datafield>
    <datafield tag="907" ind1=" " ind2=" ">
      <subfield code="a">.b53899416</subfield>
      <subfield code="b">p    </subfield>
      <subfield code="c">-</subfield>
    </datafield>
    <datafield tag="945" ind1=" " ind2=" ">
      <subfield code="l">pstk </subfield>
      <subfield code="g">1</subfield>
    </datafield>
    <datafield tag="979" ind1=" " ind2=" ">
      <subfield code="a">ocn813413599</subfield>
    </datafield>
    <datafield tag="998" ind1=" " ind2=" ">
      <subfield code="b">1</subfield>
      <subfield code="c">130503</subfield>
      <subfield code="d">m</subfield>
      <subfield code="e">a</subfield>
      <subfield code="f">-</subfield>
      <subfield code="g">0</subfield>
    </datafield>
    <datafield tag="ADM" ind1=" " ind2=" ">
      <subfield code="b">2020-09-09 00:17:39</subfield>
      <subfield code="e">b53899416-01tuli_inst</subfield>
      <subfield code="d">MARCIVE</subfield>
      <subfield code="f">20190607165331.0</subfield>
      <subfield code="a">2017-06-20 11:24:07</subfield>
      <subfield code="c">false</subfield>
    </datafield>
    <datafield tag="HLD" ind1="0" ind2=" ">
      <subfield code="b">ASRS</subfield>
      <subfield code="c">ASRS</subfield>
      <subfield code="h"> LB1715 </subfield>
      <subfield code="i"> .B38 2013 </subfield>
      <subfield code="8">22464688540003811</subfield>
      <subfield code="updated">2019-05-02 20:42:04</subfield>
      <subfield code="created">2019-05-02 20:41:59</subfield>
    </datafield>
    <datafield tag="ITM" ind1=" " ind2=" ">
      <subfield code="r">22464688540003811</subfield>
      <subfield code="b">1</subfield>
      <subfield code="h">0</subfield>
      <subfield code="g">ASRS</subfield>
      <subfield code="t">BOOK</subfield>
      <subfield code="9">39074026041152</subfield>
      <subfield code="e">ASRS</subfield>
      <subfield code="8">23311107010003811</subfield>
      <subfield code="a">0</subfield>
      <subfield code="i">LB1715 .B38 2013</subfield>
      <subfield code="updated">2019-05-02 20:42:29</subfield>
      <subfield code="q">2017-06-20 11:24:07</subfield>
      <subfield code="d">ASRS</subfield>
      <subfield code="f">ASRS</subfield>
    </datafield>
  </record>