
  <record>
    <leader>03548cam a2200553 a 4500</leader>
    <controlfield tag="005">20190716042431.0</controlfield>
    <controlfield tag="008">111215t20122012nyu      b    001 0 eng  </controlfield>
    <controlfield tag="001">991030267519703811</controlfield>
    <datafield tag="010" ind1=" " ind2=" ">
      <subfield code="a">2011050343</subfield>
    </datafield>
    <datafield tag="020" ind1=" " ind2=" ">
      <subfield code="a">9780230371996</subfield>
      <subfield code="q">alkaline paper</subfield>
    </datafield>
    <datafield tag="020" ind1=" " ind2=" ">
      <subfield code="a">023037199X</subfield>
      <subfield code="q">alkaline paper</subfield>
    </datafield>
    <datafield tag="035" ind1=" " ind2=" ">
      <subfield code="a">(PPT)b52570113-01tuli_inst</subfield>
    </datafield>
    <datafield tag="035" ind1=" " ind2=" ">
      <subfield code="a">(OCoLC)ocn811010883</subfield>
      <subfield code="9">ExL</subfield>
    </datafield>
    <datafield tag="035" ind1=" " ind2=" ">
      <subfield code="a">(OCoLC)768728921</subfield>
    </datafield>
    <datafield tag="035" ind1=" " ind2=" ">
      <subfield code="a">ocn768728921</subfield>
    </datafield>
    <datafield tag="035" ind1=" " ind2=" ">
      <subfield code="a">(OCLC)ocn768728921</subfield>
    </datafield>
    <datafield tag="040" ind1=" " ind2=" ">
      <subfield code="a">DLC</subfield>
      <subfield code="b">eng</subfield>
      <subfield code="c">DLC</subfield>
      <subfield code="d">YDX</subfield>
      <subfield code="d">OCLCO</subfield>
      <subfield code="d">BTCTA</subfield>
      <subfield code="d">YDXCP</subfield>
      <subfield code="d">BWX</subfield>
      <subfield code="d">WLL</subfield>
      <subfield code="d">IG#</subfield>
      <subfield code="d">CDX</subfield>
    </datafield>
    <datafield tag="042" ind1=" " ind2=" ">
      <subfield code="a">pcc</subfield>
    </datafield>
    <datafield tag="043" ind1=" " ind2=" ">
      <subfield code="a">n-us---</subfield>
    </datafield>
    <datafield tag="049" ind1=" " ind2=" ">
      <subfield code="a">IG$A</subfield>
    </datafield>
    <datafield tag="079" ind1=" " ind2=" ">
      <subfield code="a">ocn768728921</subfield>
    </datafield>
    <datafield tag="090" ind1=" " ind2=" ">
      <subfield code="a">E185.615</subfield>
      <subfield code="b">.S5838 2012</subfield>
    </datafield>
    <datafield tag="100" ind1="1" ind2=" ">
      <subfield code="a">Smith, Terry,</subfield>
      <subfield code="d">1964-</subfield>
      <subfield code="0">http://id.loc.gov/authorities/names/n2011086184</subfield>
    </datafield>
    <datafield tag="245" ind1="1" ind2="0">
      <subfield code="a">Barack Obama, post-racialism and the new politics of triangulation /</subfield>
      <subfield code="c">by Terry Smith.</subfield>
    </datafield>
    <datafield tag="264" ind1=" " ind2="1">
      <subfield code="a">New York :</subfield>
      <subfield code="b">Palgrave Macmillan,</subfield>
      <subfield code="c">[2012]</subfield>
    </datafield>
    <datafield tag="264" ind1=" " ind2="4">
      <subfield code="c">&#xA9;2012</subfield>
    </datafield>
    <datafield tag="300" ind1=" " ind2=" ">
      <subfield code="a">x, 220 pages ;</subfield>
      <subfield code="c">23 cm</subfield>
    </datafield>
    <datafield tag="336" ind1=" " ind2=" ">
      <subfield code="a">text</subfield>
      <subfield code="b">txt</subfield>
      <subfield code="2">rdacontent</subfield>
    </datafield>
    <datafield tag="337" ind1=" " ind2=" ">
      <subfield code="a">unmediated</subfield>
      <subfield code="b">n</subfield>
      <subfield code="2">rdamedia</subfield>
    </datafield>
    <datafield tag="338" ind1=" " ind2=" ">
      <subfield code="a">volume</subfield>
      <subfield code="b">nc</subfield>
      <subfield code="2">rdacarrier</subfield>
    </datafield>
    <datafield tag="504" ind1=" " ind2=" ">
      <subfield code="a">Includes bibliographical references (pages [159] -216) and index.</subfield>
    </datafield>
    <datafield tag="520" ind1=" " ind2=" ">
      <subfield code="a">Barack Obama, Post-Racialism, and the New Politics of Triangulation examines black voters' relationship to the political process and to the first black president in a prematurely post-racial America. Using interviews with members of the Congressional Black Caucus, empirical data, news accounts, academic literature, and case law, Terry Smith argues that the price of black electoral success outside of traditional majority-minority settings has become the triangulation of the post-racial black politician's African-American constituency. The book is broad-ranging in its examination of how black politics has become so susceptible to marginalization even in a nation governed by its first black president. Book jacket.</subfield>
    </datafield>
    <datafield tag="505" ind1="0" ind2=" ">
      <subfield code="a">Black politics : which way is left? -- Race and money in politics -- Black tea : Black conservatives and the rhetoric of social conservatism -- Contradictions in a "Latino moment" : Latinos as less Black? -- Triangulation 101 : the old conceives the new -- The new triangulation : Barack Obama and post-racialism -- A thousand Obamas : race and electoral ambition -- Do Blacks need a Black President? : of movements, not men.</subfield>
    </datafield>
    <datafield tag="650" ind1=" " ind2="0">
      <subfield code="a">African Americans</subfield>
      <subfield code="x">Politics and government</subfield>
      <subfield code="0">http://id.loc.gov/authorities/subjects/sh95010593</subfield>
      <subfield code="y">21st century.</subfield>
      <subfield code="0">http://id.loc.gov/authorities/subjects/sh2002012478</subfield>
    </datafield>
    <datafield tag="650" ind1=" " ind2="7">
      <subfield code="a">African Americans</subfield>
      <subfield code="x">Politics and government.</subfield>
      <subfield code="2">fast</subfield>
      <subfield code="0">http://id.worldcat.org/fast/799659</subfield>
    </datafield>
    <datafield tag="650" ind1=" " ind2="0">
      <subfield code="a">Post-racialism</subfield>
      <subfield code="0">http://id.loc.gov/authorities/subjects/sh2009000930</subfield>
      <subfield code="z">United States.</subfield>
      <subfield code="0">http://id.loc.gov/authorities/names/n78095330</subfield>
    </datafield>
    <datafield tag="650" ind1=" " ind2="7">
      <subfield code="a">Post-racialism.</subfield>
      <subfield code="2">fast</subfield>
      <subfield code="0">http://id.worldcat.org/fast/1747455</subfield>
    </datafield>
    <datafield tag="650" ind1="2" ind2="7">
      <subfield code="a">Politics and government.</subfield>
      <subfield code="2">fast</subfield>
      <subfield code="0">http://id.worldcat.org/fast/1919741</subfield>
    </datafield>
    <datafield tag="650" ind1="2" ind2="7">
      <subfield code="a">Race relations.</subfield>
      <subfield code="2">fast</subfield>
      <subfield code="0">http://id.worldcat.org/fast/1086509</subfield>
    </datafield>
    <datafield tag="650" ind1="1" ind2="7">
      <subfield code="a">Post-racialism.</subfield>
      <subfield code="2">fast</subfield>
      <subfield code="0">http://id.worldcat.org/fast/1747455</subfield>
    </datafield>
    <datafield tag="650" ind1="1" ind2="7">
      <subfield code="a">African Americans</subfield>
      <subfield code="x">Politics and government.</subfield>
      <subfield code="2">fast</subfield>
      <subfield code="0">http://id.worldcat.org/fast/799659</subfield>
    </datafield>
    <datafield tag="651" ind1=" " ind2="0">
      <subfield code="a">United States</subfield>
      <subfield code="x">Race relations</subfield>
      <subfield code="x">Political aspects.</subfield>
      <subfield code="0">http://id.loc.gov/authorities/subjects/sh2007100015</subfield>
    </datafield>
    <datafield tag="651" ind1=" " ind2="0">
      <subfield code="a">United States</subfield>
      <subfield code="x">Politics and government</subfield>
      <subfield code="y">2009-2017.</subfield>
      <subfield code="0">http://id.loc.gov/authorities/subjects/sh2009003409</subfield>
    </datafield>
    <datafield tag="651" ind1="1" ind2="7">
      <subfield code="a">United States.</subfield>
      <subfield code="2">fast</subfield>
      <subfield code="0">http://id.worldcat.org/fast/1204155</subfield>
    </datafield>
    <datafield tag="651" ind1="2" ind2="7">
      <subfield code="a">United States.</subfield>
      <subfield code="2">fast</subfield>
      <subfield code="0">http://id.worldcat.org/fast/1204155</subfield>
    </datafield>
    <datafield tag="600" ind1="1" ind2="0">
      <subfield code="a">Obama, Barack</subfield>
      <subfield code="0">http://id.loc.gov/authorities/names/n94112934</subfield>
      <subfield code="x">Influence.</subfield>
      <subfield code="0">http://id.loc.gov/authorities/subjects/sh2002005444</subfield>
    </datafield>
    <datafield tag="600" ind1="1" ind2="7">
      <subfield code="a">Obama, Barack.</subfield>
      <subfield code="2">fast</subfield>
      <subfield code="0">http://id.worldcat.org/fast/348231</subfield>
    </datafield>
    <datafield tag="600" ind1=" " ind2="7">
      <subfield code="a">Obama, Barack.</subfield>
      <subfield code="2">fast</subfield>
      <subfield code="0">http://id.worldcat.org/fast/348231</subfield>
    </datafield>
    <datafield tag="648" ind1=" " ind2="7">
      <subfield code="a">2000-2099</subfield>
      <subfield code="2">fast</subfield>
    </datafield>
    <datafield tag="648" ind1=" " ind2="7">
      <subfield code="a">2009-2017.</subfield>
      <subfield code="2">fast</subfield>
    </datafield>
    <datafield tag="648" ind1=" " ind2="7">
      <subfield code="a">21st century.</subfield>
      <subfield code="2">fast</subfield>
    </datafield>
    <datafield tag="902" ind1=" " ind2=" ">
      <subfield code="a">MARCIVE-BF 20190703</subfield>
    </datafield>
    <datafield tag="903" ind1=" " ind2=" ">
      <subfield code="a">MARCIVE-TOC201904</subfield>
    </datafield>
    <datafield tag="904" ind1=" " ind2=" ">
      <subfield code="a">MARCIVE 20200629</subfield>
    </datafield>
    <datafield tag="907" ind1=" " ind2=" ">
      <subfield code="a">.b52570113</subfield>
      <subfield code="b">p    </subfield>
      <subfield code="c">-</subfield>
    </datafield>
    <datafield tag="945" ind1=" " ind2=" ">
      <subfield code="l">pstk </subfield>
      <subfield code="g">1</subfield>
    </datafield>
    <datafield tag="979" ind1=" " ind2=" ">
      <subfield code="a">ocn768728921</subfield>
    </datafield>
    <datafield tag="998" ind1=" " ind2=" ">
      <subfield code="b">1</subfield>
      <subfield code="c">120914</subfield>
      <subfield code="d">m</subfield>
      <subfield code="e">a</subfield>
      <subfield code="f">-</subfield>
      <subfield code="g">0</subfield>
    </datafield>
    <datafield tag="ADM" ind1=" " ind2=" ">
      <subfield code="b">2020-09-08 22:59:25</subfield>
      <subfield code="e">b52570113-01tuli_inst</subfield>
      <subfield code="d">MARCIVE</subfield>
      <subfield code="f">20190607192532.0</subfield>
      <subfield code="a">2017-06-20 08:44:08</subfield>
      <subfield code="c">false</subfield>
    </datafield>
    <datafield tag="HLD" ind1="0" ind2=" ">
      <subfield code="b">MAIN</subfield>
      <subfield code="c">stacks</subfield>
      <subfield code="h">E185.615</subfield>
      <subfield code="i">.S5838 2012</subfield>
      <subfield code="8">22285882350003811</subfield>
      <subfield code="created">2017-06-20 08:44:08</subfield>
    </datafield>
    <datafield tag="ITM" ind1=" " ind2=" ">
      <subfield code="r">22285882350003811</subfield>
      <subfield code="b">1</subfield>
      <subfield code="h">0</subfield>
      <subfield code="g">stacks</subfield>
      <subfield code="t">BOOK</subfield>
      <subfield code="9">39074026514794</subfield>
      <subfield code="e">stacks</subfield>
      <subfield code="8">23285882340003811</subfield>
      <subfield code="a">0</subfield>
      <subfield code="i">E185.615 .S5838 2012</subfield>
      <subfield code="updated">2017-06-20 08:44:40</subfield>
      <subfield code="q">2017-06-20 08:44:08</subfield>
      <subfield code="d">MAIN</subfield>
      <subfield code="f">MAIN</subfield>
    </datafield>
  </record>