
  <record>
    <leader>01638nam  2200373 i 4500</leader>
    <controlfield tag="001">991036854785803811</controlfield>
    <controlfield tag="005">20170822105511.0</controlfield>
    <controlfield tag="006">m     o  d |      </controlfield>
    <controlfield tag="007">cr -n---------</controlfield>
    <controlfield tag="008">130909s2013    dcu     ob    001 0deng d</controlfield>
    <datafield tag="020" ind1=" " ind2=" ">
      <subfield code="a">1-62157-057-6</subfield>
    </datafield>
    <datafield tag="035" ind1=" " ind2=" ">
      <subfield code="a">(CKB)2670000000412036</subfield>
    </datafield>
    <datafield tag="035" ind1=" " ind2=" ">
      <subfield code="a">(EBL)1023040</subfield>
    </datafield>
    <datafield tag="035" ind1=" " ind2=" ">
      <subfield code="a">(OCoLC)855969057</subfield>
    </datafield>
    <datafield tag="035" ind1=" " ind2=" ">
      <subfield code="a">(SSID)ssj0001170918</subfield>
    </datafield>
    <datafield tag="035" ind1=" " ind2=" ">
      <subfield code="a">(PQKBManifestationID)11673111</subfield>
    </datafield>
    <datafield tag="035" ind1=" " ind2=" ">
      <subfield code="a">(PQKBTitleCode)TC0001170918</subfield>
    </datafield>
    <datafield tag="035" ind1=" " ind2=" ">
      <subfield code="a">(PQKBWorkID)11172786</subfield>
    </datafield>
    <datafield tag="035" ind1=" " ind2=" ">
      <subfield code="a">(PQKB)10114574</subfield>
    </datafield>
    <datafield tag="035" ind1=" " ind2=" ">
      <subfield code="a">(MiAaPQ)EBC1023040</subfield>
    </datafield>
    <datafield tag="035" ind1=" " ind2=" ">
      <subfield code="a">(EXLCZ)992670000000412036</subfield>
    </datafield>
    <datafield tag="040" ind1=" " ind2=" ">
      <subfield code="a">MiAaPQ</subfield>
      <subfield code="b">eng</subfield>
      <subfield code="e">rda</subfield>
      <subfield code="e">pn</subfield>
      <subfield code="c">MiAaPQ</subfield>
      <subfield code="d">MiAaPQ</subfield>
    </datafield>
    <datafield tag="041" ind1=" " ind2=" ">
      <subfield code="a">eng</subfield>
    </datafield>
    <datafield tag="050" ind1=" " ind2="4">
      <subfield code="a">E176.1</subfield>
      <subfield code="b">.T786 2013</subfield>
    </datafield>
    <datafield tag="082" ind1="0" ind2="0">
      <subfield code="a">973</subfield>
    </datafield>
    <datafield tag="100" ind1="1" ind2=" ">
      <subfield code="a">Troy, Tevi,</subfield>
      <subfield code="d">1967-</subfield>
    </datafield>
    <datafield tag="245" ind1="1" ind2="0">
      <subfield code="a">What Jefferson read, Ike watched, and Obama tweeted :</subfield>
      <subfield code="b">200 years of popular culture in the White House /</subfield>
      <subfield code="c">Tevi Troy.</subfield>
    </datafield>
    <datafield tag="264" ind1=" " ind2="1">
      <subfield code="a">Washington, DC :</subfield>
      <subfield code="b">Regnery Publishing, Inc., an Eagle Publishing company,</subfield>
      <subfield code="c">[2013]</subfield>
    </datafield>
    <datafield tag="264" ind1=" " ind2="4">
      <subfield code="c">&#xA9;2013</subfield>
    </datafield>
    <datafield tag="300" ind1=" " ind2=" ">
      <subfield code="a">1 online resource (353 p.)</subfield>
    </datafield>
    <datafield tag="336" ind1=" " ind2=" ">
      <subfield code="a">text</subfield>
      <subfield code="b">txt</subfield>
    </datafield>
    <datafield tag="337" ind1=" " ind2=" ">
      <subfield code="a">computer</subfield>
      <subfield code="b">c</subfield>
    </datafield>
    <datafield tag="338" ind1=" " ind2=" ">
      <subfield code="a">online resource</subfield>
      <subfield code="b">cr</subfield>
    </datafield>
    <datafield tag="500" ind1=" " ind2=" ">
      <subfield code="a">Description based upon print version of record.</subfield>
    </datafield>
    <datafield tag="505" ind1="0" ind2=" ">
      <subfield code="a">Front cover; Introduction: From Cicero to Snooki: How Culture Shapes Our Presidents; Chater 1: The Founders: Reading for Wisdom and Virtue; Chapter 2: Theater and the Common Man in the Nineteenth Century; Chapter 3: Lincoln: Reading as a Tool for Advancement; Chapter 4: Theodore Roosevelt: Culture and Destiny; Chapter 5: Reflected Glory; Chapter 6: FDR: President as Cultural Output; Chapter 7: Music and the Quest for Cool; Chapter 8: All the Presidents' Movies: Finding Archetypal Leadership in Film; Chapter 9: The "Vast Wasteland": Presidents and Television</subfield>
    </datafield>
    <datafield tag="505" ind1="8" ind2=" ">
      <subfield code="a">Chapter 10: Reading and the Modern PresidentChapter 11: Obama, Full-Fledged Product of American Pop Culture; Conclusion; Appendix: Rules for Presidents Engaging Pop Culture; Acknowledgments; Notes; Index</subfield>
    </datafield>
    <datafield tag="520" ind1=" " ind2=" ">
      <subfield code="a">From Cicero to Snooki, the cultural influences on our American presidents are powerful and plentiful. Thomas Jefferson famously said ""I cannot live without books,"" and his library backed up the claim, later becoming the backbone of the new Library of Congress. Jimmy Carter watched hundreds of movies in his White House, while Ronald Reagan starred in a few in his own time. Lincoln was a theater-goer, while Obama kicked back at home to a few episodes of HBO's ""The Wire.""America is a country built by thinkers on a foundation of ideas. Alongside classic works of philosophy and ethics, however,</subfield>
    </datafield>
    <datafield tag="546" ind1=" " ind2=" ">
      <subfield code="a">English</subfield>
    </datafield>
    <datafield tag="504" ind1=" " ind2=" ">
      <subfield code="a">Includes bibliographical references (pages 255-308) and index.</subfield>
    </datafield>
    <datafield tag="588" ind1=" " ind2=" ">
      <subfield code="a">Description based on print version record.</subfield>
    </datafield>
    <datafield tag="650" ind1=" " ind2="0">
      <subfield code="a">Presidents</subfield>
      <subfield code="z">United States.</subfield>
    </datafield>
    <datafield tag="650" ind1=" " ind2="0">
      <subfield code="a">Popular culture</subfield>
      <subfield code="z">United States</subfield>
      <subfield code="x">History.</subfield>
    </datafield>
    <datafield tag="650" ind1=" " ind2="0">
      <subfield code="a">Presidents</subfield>
      <subfield code="x">Books and reading</subfield>
      <subfield code="z">United States.</subfield>
    </datafield>
    <datafield tag="650" ind1=" " ind2="0">
      <subfield code="a">Communication in politics</subfield>
      <subfield code="x">Technological innovations.</subfield>
    </datafield>
    <datafield tag="655" ind1=" " ind2="4">
      <subfield code="a">Electronic books.</subfield>
    </datafield>
    <datafield tag="776" ind1=" " ind2=" ">
      <subfield code="z">1-62157-039-8</subfield>
    </datafield>
    <datafield tag="906" ind1=" " ind2=" ">
      <subfield code="a">BOOK</subfield>
    </datafield>
    <datafield tag="ADM" ind1=" " ind2=" ">
      <subfield code="b">2019-04-29 20:08:23</subfield>
      <subfield code="e">(CKB)2670000000412036</subfield>
      <subfield code="d">EBC</subfield>
      <subfield code="a">2013-10-05 17:21:24</subfield>
      <subfield code="c">false</subfield>
    </datafield>
    <datafield tag="PRT" ind1=" " ind2=" ">
      <subfield code="updated">2018-03-18 05:53:59</subfield>
      <subfield code="i">61406135080003811</subfield>
      <subfield code="e">EBSCOhost</subfield>
      <subfield code="c">EBSCOhost eBook History Collection - North America</subfield>
      <subfield code="created">2017-12-18 21:18:11</subfield>
      <subfield code="j">62406135070003811</subfield>
      <subfield code="a">53406432630003811</subfield>
      <subfield code="b">https://sandbox01-na.alma.exlibrisgroup.com/view/uresolver/01TULI_INST/openurl?u.ignore_date_coverage=true&amp;rft.mms_id=991036854785803811</subfield>
      <subfield code="9">Available</subfield>
      <subfield code="h">613790000000001582</subfield>
      <subfield code="8">53406432630003811</subfield>
    </datafield>
  </record>