
  <record>
    <leader>04525nam a22005175i 4500</leader>
    <controlfield tag="001">991036928345803811</controlfield>
    <controlfield tag="005">20180428073244.0</controlfield>
    <controlfield tag="006">m     o  d |      </controlfield>
    <controlfield tag="007">cr cnu||||||||</controlfield>
    <controlfield tag="008">180428s2018    gw |    o    |||| 0|eng d</controlfield>
    <datafield tag="020" ind1=" " ind2=" ">
      <subfield code="a">3-319-75838-1</subfield>
    </datafield>
    <datafield tag="024" ind1="7" ind2=" ">
      <subfield code="a">10.1007/978-3-319-75838-1</subfield>
      <subfield code="2">doi</subfield>
    </datafield>
    <datafield tag="035" ind1=" " ind2=" ">
      <subfield code="a">(CKB)4100000003359429</subfield>
    </datafield>
    <datafield tag="035" ind1=" " ind2=" ">
      <subfield code="a">(MiAaPQ)EBC5376062</subfield>
    </datafield>
    <datafield tag="035" ind1=" " ind2=" ">
      <subfield code="a">(DE-He213)978-3-319-75838-1</subfield>
    </datafield>
    <datafield tag="035" ind1=" " ind2=" ">
      <subfield code="a">(EXLCZ)994100000003359429</subfield>
    </datafield>
    <datafield tag="043" ind1=" " ind2=" ">
      <subfield code="a">n-us---</subfield>
      <subfield code="a">a-cc---</subfield>
    </datafield>
    <datafield tag="050" ind1=" " ind2="4">
      <subfield code="a">JZ5587-JZ6009</subfield>
    </datafield>
    <datafield tag="072" ind1=" " ind2="7">
      <subfield code="a">JPS</subfield>
      <subfield code="2">bicssc</subfield>
    </datafield>
    <datafield tag="072" ind1=" " ind2="7">
      <subfield code="a">POL012000</subfield>
      <subfield code="2">bisacsh</subfield>
    </datafield>
    <datafield tag="072" ind1=" " ind2="7">
      <subfield code="a">JPS</subfield>
      <subfield code="2">thema</subfield>
    </datafield>
    <datafield tag="082" ind1="0" ind2=" ">
      <subfield code="a">355.03109730951</subfield>
      <subfield code="2">23</subfield>
    </datafield>
    <datafield tag="100" ind1="1" ind2=" ">
      <subfield code="a">Johnson, James.</subfield>
      <subfield code="e">author.</subfield>
      <subfield code="4">aut</subfield>
      <subfield code="4">http://id.loc.gov/vocabulary/relators/aut</subfield>
    </datafield>
    <datafield tag="245" ind1="1" ind2="4">
      <subfield code="a">The US-China Military and Defense Relationship during the Obama Presidency</subfield>
      <subfield code="h">[electronic resource] /</subfield>
      <subfield code="c">by James Johnson.</subfield>
    </datafield>
    <datafield tag="250" ind1=" " ind2=" ">
      <subfield code="a">1st ed. 2018.</subfield>
    </datafield>
    <datafield tag="264" ind1=" " ind2="1">
      <subfield code="a">Cham :</subfield>
      <subfield code="b">Springer International Publishing :</subfield>
      <subfield code="b">Imprint: Palgrave Macmillan,</subfield>
      <subfield code="c">2018.</subfield>
    </datafield>
    <datafield tag="300" ind1=" " ind2=" ">
      <subfield code="a">1 online resource (214 pages).</subfield>
    </datafield>
    <datafield tag="336" ind1=" " ind2=" ">
      <subfield code="a">text</subfield>
      <subfield code="b">txt</subfield>
      <subfield code="2">rdacontent</subfield>
    </datafield>
    <datafield tag="337" ind1=" " ind2=" ">
      <subfield code="a">computer</subfield>
      <subfield code="b">c</subfield>
      <subfield code="2">rdamedia</subfield>
    </datafield>
    <datafield tag="338" ind1=" " ind2=" ">
      <subfield code="a">online resource</subfield>
      <subfield code="b">cr</subfield>
      <subfield code="2">rdacarrier</subfield>
    </datafield>
    <datafield tag="490" ind1="1" ind2=" ">
      <subfield code="a">New Security Challenges</subfield>
    </datafield>
    <datafield tag="505" ind1="0" ind2=" ">
      <subfield code="a">1.Introduction: Obama&#x2019;s &#x2018;Pivot&#x2019; to Asia and Air-Sea Battle -- 2.Conceptualizing the U.S.-China Security Dilemma -- 3.Washington&#x2019;s Perceptions and Misperceptions of China&#x2019;s Anti-access Area-denial &#x2018;Strategy&#x2019; -- 4.China&#x2019;s Vision of the Future Networked Battlefield: Emerging Military-Technological Challenges to the United States -- 5.&#x2018;Guam Express&#x2019; and &#x2018;Carrier Killers&#x2019;: China&#x2019;s Asymmetric Missile Threat to the United States in the Pacific -- 6.Chinese Evolving Approaches to Nuclear &#x2018;War-fighting&#x2019;: An Emerging Security Dilemma? -- 7.Concluding remarks.</subfield>
    </datafield>
    <datafield tag="520" ind1=" " ind2=" ">
      <subfield code="a">This book offers a timely and compelling explanation for the deterioration of U.S.-China security relations during the Obama Presidency. The U.S.-China relationship has become one of (if not the most) vital features of contemporary world politics, and with arrival the Donald Trump to the White House in 2017, this vital geopolitical relationship sits at a precarious and dangerous crossroads. This book assesses a wide array of sources to systematically unpack the policy rhythms, drivers, and dynamics that defined the course of Sino-American security relations during the Obama-era. It fills several gaps in the literature on international security and conflict and offers a nuanced and innovative comparative approach to examine individual military domains. The case study chapters draw on recent Chinese and English sources - on military doctrine, capabilities, and defense strategy - to build a clear understanding the main sources of U.S.-China misperceptions, and highlight the problems these assessments can create for the conduct of statecraft across strategically competitive geopolitical dyads. The book builds a sobering picture of U.S.-China relations that will appeal to specialists and generalists alike with an interest in future warfare, emerging military-technologies, military studies, arms control, and foreign policy issues in the Asia more broadly. James S. Johnson is an Research Fellow with the International Politics Department, University of Leicester. Before joining the department, he worked in the financial sector for two decades. James&#x2019; research interests and published works blend security and strategic studies, with a broadly defined multi-disciplinary approach. My research combines a regional focus on the Asia-Pacific with a thematic focus on emerging technologies and future conflict.</subfield>
    </datafield>
    <datafield tag="650" ind1=" " ind2="0">
      <subfield code="a">Security, International.</subfield>
    </datafield>
    <datafield tag="650" ind1=" " ind2="0">
      <subfield code="a">Politics and war.</subfield>
    </datafield>
    <datafield tag="650" ind1=" " ind2="0">
      <subfield code="a">Asia-Politics and government.</subfield>
    </datafield>
    <datafield tag="650" ind1=" " ind2="0">
      <subfield code="a">International relations.</subfield>
    </datafield>
    <datafield tag="650" ind1="1" ind2="4">
      <subfield code="a">International Security Studies.</subfield>
      <subfield code="0">http://scigraph.springernature.com/things/product-market-codes/912120</subfield>
    </datafield>
    <datafield tag="650" ind1="2" ind2="4">
      <subfield code="a">Military and Defence Studies.</subfield>
      <subfield code="0">http://scigraph.springernature.com/things/product-market-codes/912080</subfield>
    </datafield>
    <datafield tag="650" ind1="2" ind2="4">
      <subfield code="a">Asian Politics.</subfield>
      <subfield code="0">http://scigraph.springernature.com/things/product-market-codes/911110</subfield>
    </datafield>
    <datafield tag="650" ind1="2" ind2="4">
      <subfield code="a">Foreign Policy.</subfield>
      <subfield code="0">http://scigraph.springernature.com/things/product-market-codes/912040</subfield>
    </datafield>
    <datafield tag="776" ind1=" " ind2=" ">
      <subfield code="z">3-319-75837-3</subfield>
    </datafield>
    <datafield tag="830" ind1=" " ind2="0">
      <subfield code="a">New Security Challenges</subfield>
    </datafield>
    <datafield tag="906" ind1=" " ind2=" ">
      <subfield code="a">BOOK</subfield>
    </datafield>
    <datafield tag="ADM" ind1=" " ind2=" ">
      <subfield code="b">2019-10-25 11:12:51</subfield>
      <subfield code="e">(CKB)4100000003359429</subfield>
      <subfield code="d">SPRINGER</subfield>
      <subfield code="f">20180428073244.0</subfield>
      <subfield code="a">2018-05-12 16:41:47</subfield>
      <subfield code="c">false</subfield>
    </datafield>
    <datafield tag="PRT" ind1=" " ind2=" ">
      <subfield code="updated">2018-08-17 15:08:38</subfield>
      <subfield code="i">61430652690003811</subfield>
      <subfield code="e">Springer Link</subfield>
      <subfield code="c">SpringerLink Books Political Science and International Studies 2018</subfield>
      <subfield code="created">2018-08-17 15:07:52</subfield>
      <subfield code="j">62430652680003811</subfield>
      <subfield code="a">53430668390003811</subfield>
      <subfield code="b">https://sandbox01-na.alma.exlibrisgroup.com/view/uresolver/01TULI_INST/openurl?u.ignore_date_coverage=true&amp;rft.mms_id=991036928345803811</subfield>
      <subfield code="9">Available</subfield>
      <subfield code="h">614330000000000937</subfield>
      <subfield code="8">53430668390003811</subfield>
    </datafield>
    <datafield tag="PRT" ind1=" " ind2=" ">
      <subfield code="updated">2019-01-08 06:22:46</subfield>
      <subfield code="i">61426910000003811</subfield>
      <subfield code="e">Springer Link</subfield>
      <subfield code="c">SpringerLINK eBooks - English/International Collection (2018)</subfield>
      <subfield code="created">2019-01-08 06:22:46</subfield>
      <subfield code="j">62426909990003811</subfield>
      <subfield code="a">53440858420003811</subfield>
      <subfield code="b">https://sandbox01-na.alma.exlibrisgroup.com/view/uresolver/01TULI_INST/openurl?u.ignore_date_coverage=true&amp;rft.mms_id=991036928345803811</subfield>
      <subfield code="9">Available</subfield>
      <subfield code="h">613810000000000405</subfield>
      <subfield code="8">53440858420003811</subfield>
    </datafield>
  </record>