
  <record>
    <leader>03224ngm a2200517Ia 4500</leader>
    <controlfield tag="005">20150111151047.0</controlfield>
    <controlfield tag="006">m|||||o||c||||||||</controlfield>
    <controlfield tag="007">vz|czazuu</controlfield>
    <controlfield tag="007">cr|cna</controlfield>
    <controlfield tag="008">150111p20142012nyu041||||||||o|||vleng|d</controlfield>
    <controlfield tag="001">991037487148003811</controlfield>
    <datafield tag="028" ind1="4" ind2="0">
      <subfield code="a">58449</subfield>
      <subfield code="b">Infobase</subfield>
    </datafield>
    <datafield tag="035" ind1=" " ind2=" ">
      <subfield code="a">100058449</subfield>
    </datafield>
    <datafield tag="035" ind1=" " ind2=" ">
      <subfield code="a">(OCoLC)900019561</subfield>
    </datafield>
    <datafield tag="035" ind1=" " ind2=" ">
      <subfield code="a">(FOD)100058449</subfield>
    </datafield>
    <datafield tag="040" ind1=" " ind2=" ">
      <subfield code="a">AzPhAEM</subfield>
    </datafield>
    <datafield tag="041" ind1="0" ind2=" ">
      <subfield code="a">eng</subfield>
      <subfield code="j">eng</subfield>
    </datafield>
    <datafield tag="046" ind1=" " ind2=" ">
      <subfield code="k">2012</subfield>
    </datafield>
    <datafield tag="245" ind1="0" ind2="4">
      <subfield code="a">The Kill List</subfield>
      <subfield code="h">[electronic resource (video)] :</subfield>
      <subfield code="b">Obama`s Drone War /</subfield>
      <subfield code="c">Canadian Broadcasting Corporation.</subfield>
    </datafield>
    <datafield tag="246" ind1="3" ind2=" ">
      <subfield code="a">Obama`s Drone War</subfield>
    </datafield>
    <datafield tag="260" ind1="3" ind2=" ">
      <subfield code="a">New York, N.Y. :</subfield>
      <subfield code="b">Infobase,</subfield>
      <subfield code="c">[2014], c2012.</subfield>
    </datafield>
    <datafield tag="300" ind1=" " ind2=" ">
      <subfield code="a">1 streaming video file (41 min.) :</subfield>
      <subfield code="b">sound, color.</subfield>
    </datafield>
    <datafield tag="500" ind1=" " ind2=" ">
      <subfield code="a">Encoded with permission for digital streaming by Infobase on November 16, 2014.</subfield>
    </datafield>
    <datafield tag="500" ind1=" " ind2=" ">
      <subfield code="a">Films on Demand is distributed by Infobase for Films for the Humanities &amp; Sciences, Cambridge Educational, Meridian Education, and Shopware.</subfield>
    </datafield>
    <datafield tag="505" ind1="0" ind2=" ">
      <subfield code="a">Presidential Inauguration</subfield>
      <subfield code="g">(1:59) --</subfield>
      <subfield code="t">Al-Qaeda in the Arabian Peninsula</subfield>
      <subfield code="g">(1:59) --</subfield>
      <subfield code="t">Drone Attacks</subfield>
      <subfield code="g">(3:15) --</subfield>
      <subfield code="t">Drone Targeting</subfield>
      <subfield code="g">(2:17) --</subfield>
      <subfield code="t">Lifting the Veil on Drone Use</subfield>
      <subfield code="g">(3:37) --</subfield>
      <subfield code="t">Yemen</subfield>
      <subfield code="g">(2:53) --</subfield>
      <subfield code="t">Stopping Resistance</subfield>
      <subfield code="g">(1:48) --</subfield>
      <subfield code="t">Suicide Bomber</subfield>
      <subfield code="g">(2:44) --</subfield>
      <subfield code="t">Ansar al-Sharia</subfield>
      <subfield code="g">(1:22) --</subfield>
      <subfield code="t">Bombardments</subfield>
      <subfield code="g">(1:41) --</subfield>
      <subfield code="t">Counterproductive</subfield>
      <subfield code="g">(1:27) --</subfield>
      <subfield code="t">Laws in a Grey Zone</subfield>
      <subfield code="g">(2:49) --</subfield>
      <subfield code="t">Due Process</subfield>
      <subfield code="g">(4:07) --</subfield>
      <subfield code="t">UAV Pilots</subfield>
      <subfield code="g">(3:47) --</subfield>
      <subfield code="t">Drone Precedence</subfield>
      <subfield code="g">(2:11) --</subfield>
      <subfield code="t">Presidential Addresses</subfield>
      <subfield code="g">(2:30) --</subfield>
      <subfield code="t">Credits: The Kill List: Obama`s Drone War</subfield>
      <subfield code="g">(0:26)</subfield>
    </datafield>
    <datafield tag="506" ind1="1" ind2=" ">
      <subfield code="a">Access requires authentication through Films on Demand.</subfield>
    </datafield>
    <datafield tag="520" ind1=" " ind2=" ">
      <subfield code="a">Unmanned aerial vehicles, drones, have become President Barack Obama's weapon of choice. For a war-weary nation, distracted by domestic issues like the faltering economy, drones ensure no U.S. casualties, but also no end to the debate about its legality. From Pakistan and Afghanistan to Yemen and Somalia, drones are used to kill enemies considered to be a significant threat to Americans. But Obama's Kill List raises deep concerns. Who is targeted? According to what criteria? All of this is decided in secret by the U.S. administration which refuses to publicly acknowledge any of the estimated 500 strikes that have occurred since Obama came to power.</subfield>
    </datafield>
    <datafield tag="521" ind1="2" ind2=" ">
      <subfield code="a">9 &amp; up.</subfield>
    </datafield>
    <datafield tag="538" ind1=" " ind2=" ">
      <subfield code="a">Mode of access: Internet.</subfield>
    </datafield>
    <datafield tag="538" ind1=" " ind2=" ">
      <subfield code="a">System requirements: FOD playback platform.</subfield>
    </datafield>
    <datafield tag="546" ind1=" " ind2=" ">
      <subfield code="a">Closed-captioned.</subfield>
    </datafield>
    <datafield tag="588" ind1=" " ind2=" ">
      <subfield code="a">Title from distributor's description.</subfield>
    </datafield>
    <datafield tag="590" ind1=" " ind2=" ">
      <subfield code="a">Access is available to the Temple Community through use of a networked computer with a Temple IP address.</subfield>
    </datafield>
    <datafield tag="600" ind1="1" ind2="0">
      <subfield code="a">Obama, Barack.</subfield>
    </datafield>
    <datafield tag="650" ind1=" " ind2="0">
      <subfield code="a">Drone aircraft.</subfield>
    </datafield>
    <datafield tag="650" ind1=" " ind2="0">
      <subfield code="a">Targeted killing.</subfield>
    </datafield>
    <datafield tag="650" ind1=" " ind2="0">
      <subfield code="a">Terrorism</subfield>
      <subfield code="x">Prevention.</subfield>
    </datafield>
    <datafield tag="650" ind1=" " ind2="0">
      <subfield code="a">Undercover operations.</subfield>
    </datafield>
    <datafield tag="655" ind1=" " ind2="0">
      <subfield code="a">Educational films.</subfield>
    </datafield>
    <datafield tag="655" ind1=" " ind2="0">
      <subfield code="a">Internet videos.</subfield>
    </datafield>
    <datafield tag="655" ind1=" " ind2="0">
      <subfield code="a">Videorecording.</subfield>
      <subfield code="2">local</subfield>
    </datafield>
    <datafield tag="655" ind1=" " ind2="0">
      <subfield code="a">Streaming video.</subfield>
    </datafield>
    <datafield tag="710" ind1="2" ind2=" ">
      <subfield code="a">Canadian Broadcasting Corporation</subfield>
    </datafield>
    <datafield tag="710" ind1="2" ind2=" ">
      <subfield code="a">Films for the Humanities &amp; Sciences (Firm)</subfield>
    </datafield>
    <datafield tag="710" ind1="2" ind2=" ">
      <subfield code="a">Infobase.</subfield>
    </datafield>
    <datafield tag="776" ind1="0" ind2="8">
      <subfield code="i">Originally produced: </subfield>
      <subfield code="d">Canadian Broadcasting Corporation, 2012.</subfield>
    </datafield>
    <datafield tag="856" ind1="4" ind2="0">
      <subfield code="z">Part of the Films on Demand collection.</subfield>
      <subfield code="u">http://libproxy.temple.edu/login?url=https://fod.infobase.com/PortalPlaylists.aspx?wID=103640&amp;xtid=58449</subfield>
    </datafield>
    <datafield tag="856" ind1="4" ind2="2">
      <subfield code="z">Cover image</subfield>
      <subfield code="u">https://cdnsecakmi.kaltura.com/p/1067292/sp/106729200/thumbnail/entry_id/0_yj6r407x/version/100001/acv/151/width/88</subfield>
    </datafield>
    <datafield tag="902" ind1=" " ind2=" ">
      <subfield code="a">Films on Demand (Record Refresh) 20200409</subfield>
    </datafield>
    <datafield tag="979" ind1=" " ind2=" ">
      <subfield code="a">100058449</subfield>
    </datafield>
    <datafield tag="ADM" ind1=" " ind2=" ">
      <subfield code="b">2020-04-10 09:14:51</subfield>
      <subfield code="e">100058449</subfield>
      <subfield code="d">OTHER</subfield>
      <subfield code="f">20150111151047.0</subfield>
      <subfield code="a">2020-04-10 02:29:16</subfield>
      <subfield code="c">false</subfield>
    </datafield>
    <datafield tag="PRT" ind1=" " ind2=" ">
      <subfield code="updated">2020-04-10 02:29:34</subfield>
      <subfield code="i">61371278300003811</subfield>
      <subfield code="c">Films on Demand Streaming Video</subfield>
      <subfield code="created">2020-04-10 02:29:29</subfield>
      <subfield code="j">62402467020003811</subfield>
      <subfield code="a">53510993430003811</subfield>
      <subfield code="b">https://sandbox01-na.alma.exlibrisgroup.com/view/uresolver/01TULI_INST/openurl?u.ignore_date_coverage=true&amp;rft.mms_id=991037487148003811</subfield>
      <subfield code="9">Available</subfield>
      <subfield code="8">53510993430003811</subfield>
    </datafield>
  </record>