
  <record>
    <leader>03223cam a22004578i 4500</leader>
    <controlfield tag="005">20190820011745.0</controlfield>
    <controlfield tag="006">m     o  d        </controlfield>
    <controlfield tag="007">cr |||||||||||</controlfield>
    <controlfield tag="008">190416s2020    nyu     ob    001 0 eng  </controlfield>
    <controlfield tag="001">991037725105203811</controlfield>
    <datafield tag="020" ind1=" " ind2=" ">
      <subfield code="a">9781351120852</subfield>
      <subfield code="q">(Adobe Reader)</subfield>
    </datafield>
    <datafield tag="020" ind1=" " ind2=" ">
      <subfield code="a">1351120859</subfield>
    </datafield>
    <datafield tag="020" ind1=" " ind2=" ">
      <subfield code="a">9781351120838</subfield>
      <subfield code="q">(Mobipocket Unencrypted)</subfield>
    </datafield>
    <datafield tag="020" ind1=" " ind2=" ">
      <subfield code="a">1351120832</subfield>
    </datafield>
    <datafield tag="020" ind1=" " ind2=" ">
      <subfield code="a">9781351120845</subfield>
      <subfield code="q">( ePub3)</subfield>
    </datafield>
    <datafield tag="020" ind1=" " ind2=" ">
      <subfield code="a">1351120840</subfield>
    </datafield>
    <datafield tag="020" ind1=" " ind2=" ">
      <subfield code="a">9781351120869</subfield>
      <subfield code="q">(electronic bk.)</subfield>
    </datafield>
    <datafield tag="020" ind1=" " ind2=" ">
      <subfield code="a">1351120867</subfield>
      <subfield code="q">(electronic bk.)</subfield>
    </datafield>
    <datafield tag="020" ind1=" " ind2=" ">
      <subfield code="z">9780815359395 (hbk)</subfield>
    </datafield>
    <datafield tag="035" ind1=" " ind2=" ">
      <subfield code="a">(OCoLC)1098217305</subfield>
    </datafield>
    <datafield tag="035" ind1=" " ind2=" ">
      <subfield code="a">(OCoLC-P)1098217305</subfield>
    </datafield>
    <datafield tag="035" ind1=" " ind2=" ">
      <subfield code="a">(FlBoTFG)9781351120869</subfield>
    </datafield>
    <datafield tag="040" ind1=" " ind2=" ">
      <subfield code="a">OCoLC-P</subfield>
      <subfield code="b">eng</subfield>
      <subfield code="e">rda</subfield>
      <subfield code="c">OCoLC-P</subfield>
    </datafield>
    <datafield tag="050" ind1="1" ind2="0">
      <subfield code="a">HQ77.95.U6</subfield>
    </datafield>
    <datafield tag="072" ind1=" " ind2="7">
      <subfield code="a">JFSJ</subfield>
      <subfield code="2">bicssc</subfield>
    </datafield>
    <datafield tag="082" ind1="0" ind2="0">
      <subfield code="a">323.3/2640973</subfield>
      <subfield code="2">23</subfield>
    </datafield>
    <datafield tag="100" ind1="1" ind2=" ">
      <subfield code="a">Mezey, Susan Gluck,</subfield>
      <subfield code="d">1944-</subfield>
      <subfield code="e">author.</subfield>
    </datafield>
    <datafield tag="245" ind1="1" ind2="0">
      <subfield code="a">Transgender rights :</subfield>
      <subfield code="b">from Obama to Trump /</subfield>
      <subfield code="c">Susan Gluck Mezey.</subfield>
    </datafield>
    <datafield tag="264" ind1=" " ind2="1">
      <subfield code="a">New York, NY :</subfield>
      <subfield code="b">Routledge,</subfield>
      <subfield code="c">2020.</subfield>
    </datafield>
    <datafield tag="300" ind1=" " ind2=" ">
      <subfield code="a">1 online resource</subfield>
    </datafield>
    <datafield tag="336" ind1=" " ind2=" ">
      <subfield code="a">text</subfield>
      <subfield code="b">txt</subfield>
      <subfield code="2">rdacontent</subfield>
    </datafield>
    <datafield tag="337" ind1=" " ind2=" ">
      <subfield code="a">computer</subfield>
      <subfield code="b">n</subfield>
      <subfield code="2">rdamedia</subfield>
    </datafield>
    <datafield tag="338" ind1=" " ind2=" ">
      <subfield code="a">online resource</subfield>
      <subfield code="b">nc</subfield>
      <subfield code="2">rdacarrier</subfield>
    </datafield>
    <datafield tag="505" ind1="0" ind2=" ">
      <subfield code="a">The transgender experience -- Transgender rights in the workplace -- Transgender rights in school -- Transgender rights in public facilities -- Transgender rights in the armed services.</subfield>
    </datafield>
    <datafield tag="520" ind1=" " ind2=" ">
      <subfield code="a">This book examines the transgender community's struggle for equality over the last decade, comparing the Obama and Trump administrations' stance on transgender rights policies. Transgender rights claims have assumed an important place on the nation's policymaking agenda as society has increasingly become aware that transgender individuals are subject to discrimination because they do not conform to the norms of the gender identity they were assigned at birth. With Congress virtually absent from the policymaking process, the executive branch and the federal courts have been chiefly responsible for determining the parameters of transgender rights policies. The study contrasts the Obama administration's efforts to expand equal rights for the transgender community, especially in employment, education, and military service, with the Trump administration's determination to rescind the Obama-era initiatives. In their efforts to do so, Trump administration officials have urged the courts to reverse decisions extending the benefit of civil rights laws and constitutional guarantees to the transgender community, arguing that gender identity is outside the scope of these protections. Although most federal courts have been inclined to accept the Obama administration's perspective on transgender rights, ultimately, this will be a matter for the U.S. Supreme Court to decide. The book is appropriate for students, scholars, and interested general readers.</subfield>
    </datafield>
    <datafield tag="588" ind1=" " ind2=" ">
      <subfield code="a">OCLC-licensed vendor bibliographic record.</subfield>
    </datafield>
    <datafield tag="590" ind1=" " ind2=" ">
      <subfield code="a">Access is available to the Temple Community through use of a networked computer with a Temple IP address.</subfield>
    </datafield>
    <datafield tag="650" ind1=" " ind2="0">
      <subfield code="a">Transgender people</subfield>
      <subfield code="x">Civil rights</subfield>
      <subfield code="z">United States</subfield>
      <subfield code="x">History</subfield>
      <subfield code="y">21st century.</subfield>
    </datafield>
    <datafield tag="856" ind1="4" ind2="0">
      <subfield code="3">Taylor &amp; Francis</subfield>
      <subfield code="u">https://www.taylorfrancis.com/books/9781351120869</subfield>
    </datafield>
    <datafield tag="902" ind1=" " ind2=" ">
      <subfield code="a">T&amp;F Frontlist EBS 2020 20200904</subfield>
    </datafield>
    <datafield tag="979" ind1=" " ind2=" ">
      <subfield code="a">9781351120869</subfield>
    </datafield>
    <datafield tag="ADM" ind1=" " ind2=" ">
      <subfield code="b">2020-09-05 13:32:19</subfield>
      <subfield code="e">9781351120869</subfield>
      <subfield code="d">TAYLORFRANCIS</subfield>
      <subfield code="f">20190820011745.0</subfield>
      <subfield code="a">2020-09-05 00:49:27</subfield>
      <subfield code="c">false</subfield>
    </datafield>
    <datafield tag="PRT" ind1=" " ind2=" ">
      <subfield code="updated">2020-09-05 00:49:41</subfield>
      <subfield code="i">61496627810003811</subfield>
      <subfield code="c">Taylor &amp; Francis Ebooks</subfield>
      <subfield code="created">2020-09-05 00:49:38</subfield>
      <subfield code="j">62496627800003811</subfield>
      <subfield code="a">53533902690003811</subfield>
      <subfield code="b">https://sandbox01-na.alma.exlibrisgroup.com/view/uresolver/01TULI_INST/openurl?u.ignore_date_coverage=true&amp;rft.mms_id=991037725105203811</subfield>
      <subfield code="9">Available</subfield>
      <subfield code="8">53533902690003811</subfield>
    </datafield>
  </record>