
  <record>
    <leader>04641cam a2200589 i 4500</leader>
    <controlfield tag="005">20190930174520.0</controlfield>
    <controlfield tag="008">180711t20182018nyuaf         001 0deng d</controlfield>
    <controlfield tag="001">991036917086203811</controlfield>
    <datafield tag="010" ind1=" " ind2=" ">
      <subfield code="a">  2017302457</subfield>
    </datafield>
    <datafield tag="019" ind1=" " ind2=" ">
      <subfield code="a">1037951204</subfield>
      <subfield code="a">1041637247</subfield>
    </datafield>
    <datafield tag="020" ind1=" " ind2=" ">
      <subfield code="a">9780525509356</subfield>
      <subfield code="q">(hardcover)</subfield>
    </datafield>
    <datafield tag="020" ind1=" " ind2=" ">
      <subfield code="a">0525509356</subfield>
      <subfield code="q">(hardcover)</subfield>
    </datafield>
    <datafield tag="020" ind1=" " ind2=" ">
      <subfield code="z">9780525509363</subfield>
      <subfield code="q">(ebook)</subfield>
    </datafield>
    <datafield tag="035" ind1=" " ind2=" ">
      <subfield code="a">(OCoLC)1037100712</subfield>
    </datafield>
    <datafield tag="037" ind1=" " ind2=" ">
      <subfield code="b">Random House Inc, Attn Order Entry 400 Hahn rd, Westminster, MD, USA, 21157</subfield>
      <subfield code="n">SAN 201-3975</subfield>
    </datafield>
    <datafield tag="040" ind1=" " ind2=" ">
      <subfield code="a">ZQP</subfield>
      <subfield code="b">eng</subfield>
      <subfield code="e">rda</subfield>
      <subfield code="c">DLC</subfield>
      <subfield code="d">GKX</subfield>
      <subfield code="d">QQ3</subfield>
      <subfield code="d">FM0</subfield>
      <subfield code="d">ON8</subfield>
      <subfield code="d">NDS</subfield>
      <subfield code="d">IUK</subfield>
      <subfield code="d">VP@</subfield>
      <subfield code="d">NBO</subfield>
      <subfield code="d">IAK</subfield>
      <subfield code="d">BKL</subfield>
      <subfield code="d">RCJ</subfield>
      <subfield code="d">OCLCF</subfield>
      <subfield code="d">IGA</subfield>
      <subfield code="d">TUL</subfield>
      <subfield code="d">ZQP</subfield>
      <subfield code="d">T3S</subfield>
      <subfield code="d">YDX</subfield>
    </datafield>
    <datafield tag="042" ind1=" " ind2=" ">
      <subfield code="a">lccopycat</subfield>
    </datafield>
    <datafield tag="043" ind1=" " ind2=" ">
      <subfield code="a">n-us---</subfield>
    </datafield>
    <datafield tag="050" ind1="0" ind2="0">
      <subfield code="a">E907</subfield>
      <subfield code="b">.R48 2018</subfield>
    </datafield>
    <datafield tag="082" ind1="0" ind2="4">
      <subfield code="a">973.932</subfield>
      <subfield code="2">23</subfield>
    </datafield>
    <datafield tag="100" ind1="1" ind2=" ">
      <subfield code="a">Rhodes, Benjamin,</subfield>
      <subfield code="e">author.</subfield>
      <subfield code="0">http://id.loc.gov/authorities/names/n2006061264</subfield>
    </datafield>
    <datafield tag="245" ind1="1" ind2="4">
      <subfield code="a">The world as it is :</subfield>
      <subfield code="b">a memoir of the Obama White House /</subfield>
      <subfield code="c">Ben Rhodes.</subfield>
    </datafield>
    <datafield tag="250" ind1=" " ind2=" ">
      <subfield code="a">First edition.</subfield>
    </datafield>
    <datafield tag="264" ind1=" " ind2="1">
      <subfield code="a">New York :</subfield>
      <subfield code="b">Random House,</subfield>
      <subfield code="c">[2018]</subfield>
    </datafield>
    <datafield tag="264" ind1=" " ind2="4">
      <subfield code="c">&#xA9;2018</subfield>
    </datafield>
    <datafield tag="300" ind1=" " ind2=" ">
      <subfield code="a">xx, 450 pages, 8 unnumbered pages of plates :</subfield>
      <subfield code="b">illustrations ;</subfield>
      <subfield code="c">25 cm</subfield>
    </datafield>
    <datafield tag="336" ind1=" " ind2=" ">
      <subfield code="a">text</subfield>
      <subfield code="b">txt</subfield>
      <subfield code="2">rdacontent</subfield>
    </datafield>
    <datafield tag="337" ind1=" " ind2=" ">
      <subfield code="a">unmediated</subfield>
      <subfield code="b">n</subfield>
      <subfield code="2">rdamedia</subfield>
    </datafield>
    <datafield tag="338" ind1=" " ind2=" ">
      <subfield code="a">volume</subfield>
      <subfield code="b">nc</subfield>
      <subfield code="2">rdacarrier</subfield>
    </datafield>
    <datafield tag="500" ind1=" " ind2=" ">
      <subfield code="a">Includes index.</subfield>
    </datafield>
    <datafield tag="505" ind1="0" ind2=" ">
      <subfield code="a">Prologue -- Part 1. Hope : 2007-2010. In the beginning ; Talk to Iran, get Bin Laden ; A community of fate ; The President is on board the aircraft ; Cairo ; Obama's war ; War and a peace prize ; The end of the beginning -- Part 2. Spring : 2011-2012. Egypt : the transition must begin now ; Libya ; Bin Laden : life inside a secret ; Gathering clouds ; Reaction and action ; Life, death, and Benghazi ; A second term ; Young men wage war, old men make peace -- Part 3. Change : 2013-2014. Clenched fists ; Red line ; Becoming a right-wing villain ; Race, Mandela, and Castro ; Russians and intervention ; Divine intervention ; Permanent war ; New beginnings -- Part 4. What makes America great : 2015-2017. Tapping the brakes ; The antiwar room ; Bombs and children ; Havana ; The stories people tell about you ; The stories we tell ; Information wars ; The end.</subfield>
    </datafield>
    <datafield tag="520" ind1=" " ind2=" ">
      <subfield code="a">For nearly ten years, Ben Rhodes saw almost everything that happened at the center of the Obama administration, first as a speechwriter, then as deputy national security advisor, and finally as a multipurpose aide and close collaborator. He started every morning in the Oval Office with the President's Daily Briefing, traveled the world with Obama, and was at the center of some of the most consequential and controversial moments of the presidency. Now he tells the full story of his partnership--and, ultimately, friendship--with a man who also happened to be a historic president of the United States. Rhodes shows what it was like to be there from the early days of the Obama campaign to the final hours of the presidency. It is a story populated by such characters as Susan Rice, Samantha Power, Hillary Clinton, Bob Gates, and--above all--Barack Obama, who comes to life on the page in moments of great urgency and disarming intimacy. This is the most vivid portrayal yet of Obama's worldview and presidency, a chronicle of a political education and an essential record of the forces that shaped the last decade.</subfield>
    </datafield>
    <datafield tag="650" ind1="1" ind2="7">
      <subfield code="a">Presidents.</subfield>
      <subfield code="2">fast</subfield>
      <subfield code="0">http://id.worldcat.org/fast/1075723</subfield>
    </datafield>
    <datafield tag="650" ind1="2" ind2="7">
      <subfield code="a">Politics and government.</subfield>
      <subfield code="2">fast</subfield>
      <subfield code="0">http://id.worldcat.org/fast/1919741</subfield>
    </datafield>
    <datafield tag="650" ind1=" " ind2="0">
      <subfield code="a">Presidents</subfield>
      <subfield code="z">United States</subfield>
      <subfield code="v">Biography.</subfield>
      <subfield code="0">http://id.loc.gov/authorities/subjects/sh85106470</subfield>
    </datafield>
    <datafield tag="650" ind1=" " ind2="7">
      <subfield code="a">Politics and government.</subfield>
      <subfield code="2">fast</subfield>
      <subfield code="0">http://id.worldcat.org/fast/1919741</subfield>
    </datafield>
    <datafield tag="650" ind1=" " ind2="7">
      <subfield code="a">Presidents.</subfield>
      <subfield code="2">fast</subfield>
      <subfield code="0">http://id.worldcat.org/fast/1075723</subfield>
    </datafield>
    <datafield tag="651" ind1=" " ind2="0">
      <subfield code="a">United States</subfield>
      <subfield code="x">Politics and government</subfield>
      <subfield code="y">2009-2017.</subfield>
      <subfield code="0">http://id.loc.gov/authorities/subjects/sh2009003409</subfield>
    </datafield>
    <datafield tag="651" ind1=" " ind2="7">
      <subfield code="a">United States.</subfield>
      <subfield code="2">fast</subfield>
      <subfield code="0">http://id.worldcat.org/fast/1204155</subfield>
    </datafield>
    <datafield tag="651" ind1="2" ind2="7">
      <subfield code="a">United States.</subfield>
      <subfield code="2">fast</subfield>
      <subfield code="0">http://id.worldcat.org/fast/1204155</subfield>
    </datafield>
    <datafield tag="651" ind1="1" ind2="7">
      <subfield code="a">United States.</subfield>
      <subfield code="2">fast</subfield>
      <subfield code="0">http://id.worldcat.org/fast/1204155</subfield>
    </datafield>
    <datafield tag="655" ind1=" " ind2="7">
      <subfield code="a">Autobiographies.</subfield>
      <subfield code="2">fast</subfield>
      <subfield code="0">http://id.worldcat.org/fast/1919894</subfield>
    </datafield>
    <datafield tag="655" ind1=" " ind2="7">
      <subfield code="a">Biographies.</subfield>
      <subfield code="2">fast</subfield>
      <subfield code="0">http://id.worldcat.org/fast/1919896</subfield>
    </datafield>
    <datafield tag="655" ind1=" " ind2="7">
      <subfield code="a">Autobiographies.</subfield>
      <subfield code="2">lcgft</subfield>
      <subfield code="0">http://id.loc.gov/authorities/genreForms/gf2014026047</subfield>
    </datafield>
    <datafield tag="655" ind1=" " ind2="7">
      <subfield code="a">Biographies.</subfield>
      <subfield code="2">lcgft</subfield>
      <subfield code="0">http://id.loc.gov/authorities/genreForms/gf2014026049</subfield>
    </datafield>
    <datafield tag="655" ind1="2" ind2="7">
      <subfield code="a">Biographies.</subfield>
      <subfield code="2">fast</subfield>
      <subfield code="0">http://id.worldcat.org/fast/1919896</subfield>
    </datafield>
    <datafield tag="600" ind1="1" ind2="0">
      <subfield code="a">Obama, Barack.</subfield>
      <subfield code="0">http://id.loc.gov/authorities/names/n94112934</subfield>
    </datafield>
    <datafield tag="600" ind1="1" ind2="7">
      <subfield code="a">Obama, Barack.</subfield>
      <subfield code="2">fast</subfield>
      <subfield code="0">http://id.worldcat.org/fast/348231</subfield>
    </datafield>
    <datafield tag="600" ind1="1" ind2="0">
      <subfield code="a">Rhodes, Benjamin.</subfield>
      <subfield code="0">http://id.loc.gov/authorities/names/n2006061264</subfield>
    </datafield>
    <datafield tag="600" ind1="1" ind2="7">
      <subfield code="a">Rhodes, Benjamin.</subfield>
      <subfield code="2">fast</subfield>
      <subfield code="0">http://id.worldcat.org/fast/1651451</subfield>
    </datafield>
    <datafield tag="600" ind1=" " ind2="7">
      <subfield code="a">Rhodes, Benjamin.</subfield>
      <subfield code="2">fast</subfield>
      <subfield code="0">http://id.worldcat.org/fast/1651451</subfield>
    </datafield>
    <datafield tag="600" ind1=" " ind2="7">
      <subfield code="a">Obama, Barack.</subfield>
      <subfield code="2">fast</subfield>
      <subfield code="0">http://id.worldcat.org/fast/348231</subfield>
    </datafield>
    <datafield tag="648" ind1=" " ind2="7">
      <subfield code="a">2009-2017.</subfield>
      <subfield code="2">fast</subfield>
    </datafield>
    <datafield tag="648" ind1=" " ind2="7">
      <subfield code="a">2009-2017</subfield>
      <subfield code="2">fast</subfield>
    </datafield>
    <datafield tag="902" ind1=" " ind2=" ">
      <subfield code="a">MARCIVE-BF 20190703</subfield>
    </datafield>
    <datafield tag="904" ind1=" " ind2=" ">
      <subfield code="a">MARCIVE 20200629</subfield>
    </datafield>
    <datafield tag="949" ind1=" " ind2="1">
      <subfield code="a">RHO</subfield>
      <subfield code="i">39074032015018</subfield>
      <subfield code="l">PLEIP</subfield>
      <subfield code="t">40</subfield>
    </datafield>
    <datafield tag="979" ind1=" " ind2=" ">
      <subfield code="a">(OCoLC)1037100712</subfield>
    </datafield>
    <datafield tag="997" ind1=" " ind2=" ">
      <subfield code="a">20180803141506.0</subfield>
      <subfield code="c">CDC</subfield>
      <subfield code="d">TEU</subfield>
      <subfield code="s">OCLC</subfield>
      <subfield code="e">WCAT</subfield>
    </datafield>
    <datafield tag="ADM" ind1=" " ind2=" ">
      <subfield code="b">2020-09-09 01:05:58</subfield>
      <subfield code="e">991036917086203811</subfield>
      <subfield code="d">MARCIVE</subfield>
      <subfield code="f">20190607232706.0</subfield>
      <subfield code="a">2018-07-06 19:23:41</subfield>
      <subfield code="c">false</subfield>
    </datafield>
    <datafield tag="HLD" ind1="0" ind2=" ">
      <subfield code="b">AMBLER</subfield>
      <subfield code="c">stacks</subfield>
      <subfield code="h">E907</subfield>
      <subfield code="i">.R48 2018</subfield>
      <subfield code="8">22428575370003811</subfield>
      <subfield code="updated">2018-08-03 18:18:20</subfield>
      <subfield code="created">2018-07-06 19:24:27</subfield>
    </datafield>
    <datafield tag="HLD" ind1="8" ind2=" ">
      <subfield code="b">MAIN</subfield>
      <subfield code="c">leisure</subfield>
      <subfield code="h">RHO</subfield>
      <subfield code="t">0</subfield>
      <subfield code="8">22428267530003811</subfield>
      <subfield code="updated">2018-06-27 14:34:39</subfield>
      <subfield code="created">2018-06-27 14:34:39</subfield>
    </datafield>
    <datafield tag="ITM" ind1=" " ind2=" ">
      <subfield code="r">22428575370003811</subfield>
      <subfield code="b">1</subfield>
      <subfield code="h">0</subfield>
      <subfield code="g">aleisure</subfield>
      <subfield code="t">BOOK</subfield>
      <subfield code="9">39074026653311</subfield>
      <subfield code="e">stacks</subfield>
      <subfield code="l">0</subfield>
      <subfield code="8">23428575360003811</subfield>
      <subfield code="j">0</subfield>
      <subfield code="a">0</subfield>
      <subfield code="i">E907 .R48 2018</subfield>
      <subfield code="updated">2019-03-04 20:37:11</subfield>
      <subfield code="q">2018-07-06 19:24:27</subfield>
      <subfield code="d">AMBLER</subfield>
      <subfield code="f">AMBLER</subfield>
    </datafield>
    <datafield tag="ITM" ind1=" " ind2=" ">
      <subfield code="r">22428267530003811</subfield>
      <subfield code="b">1</subfield>
      <subfield code="h">8</subfield>
      <subfield code="g">leisure</subfield>
      <subfield code="t">BOOK</subfield>
      <subfield code="9">39074032015018</subfield>
      <subfield code="e">leisure</subfield>
      <subfield code="l">0</subfield>
      <subfield code="8">23428267520003811</subfield>
      <subfield code="j">8</subfield>
      <subfield code="a">13</subfield>
      <subfield code="i">RHO</subfield>
      <subfield code="updated">2020-10-04 17:23:50</subfield>
      <subfield code="k">RHO</subfield>
      <subfield code="q">2018-06-27 14:34:39</subfield>
      <subfield code="d">MAIN</subfield>
      <subfield code="f">MAIN</subfield>
    </datafield>
  </record>