
  <record>
    <leader>03477cam  2200505 i 4500</leader>
    <controlfield tag="005">20170726145335.0</controlfield>
    <controlfield tag="008">160922t20172017ctu      b    001 0 eng d</controlfield>
    <controlfield tag="001">991036829037503811</controlfield>
    <datafield tag="019" ind1=" " ind2=" ">
      <subfield code="a">959803880</subfield>
      <subfield code="a">980950087</subfield>
      <subfield code="a">991566038</subfield>
    </datafield>
    <datafield tag="020" ind1=" " ind2=" ">
      <subfield code="a">0300218168</subfield>
    </datafield>
    <datafield tag="020" ind1=" " ind2=" ">
      <subfield code="a">9780300218169</subfield>
    </datafield>
    <datafield tag="029" ind1="1" ind2=" ">
      <subfield code="a">NLGGC</subfield>
      <subfield code="b">407937455</subfield>
    </datafield>
    <datafield tag="035" ind1=" " ind2=" ">
      <subfield code="a">(OCoLC)959035825</subfield>
      <subfield code="z">(OCoLC)959803880</subfield>
      <subfield code="z">(OCoLC)980950087</subfield>
      <subfield code="z">(OCoLC)991566038</subfield>
    </datafield>
    <datafield tag="035" ind1=" " ind2=" ">
      <subfield code="a">(OCoLC)ocn959035825</subfield>
    </datafield>
    <datafield tag="040" ind1=" " ind2=" ">
      <subfield code="a">YDX</subfield>
      <subfield code="b">eng</subfield>
      <subfield code="e">rda</subfield>
      <subfield code="c">YDX</subfield>
      <subfield code="d">OCLCQ</subfield>
      <subfield code="d">BTCTA</subfield>
      <subfield code="d">BDX</subfield>
      <subfield code="d">ERASA</subfield>
      <subfield code="d">DOS</subfield>
      <subfield code="d">CPL</subfield>
      <subfield code="d">GSU</subfield>
      <subfield code="d">OCLCF</subfield>
      <subfield code="d">IGA</subfield>
    </datafield>
    <datafield tag="050" ind1=" " ind2="4">
      <subfield code="a">E183.8.I55</subfield>
      <subfield code="b">P379 2017</subfield>
    </datafield>
    <datafield tag="082" ind1="0" ind2="4">
      <subfield code="a">970.980</subfield>
    </datafield>
    <datafield tag="100" ind1="1" ind2=" ">
      <subfield code="a">Parsi, Trita</subfield>
      <subfield code="e">author.</subfield>
    </datafield>
    <datafield tag="245" ind1="1" ind2="0">
      <subfield code="a">Losing an enemy :</subfield>
      <subfield code="b">Obama, Iran, and the triumph of diplomacy /</subfield>
      <subfield code="c">Parsi, Trita.</subfield>
    </datafield>
    <datafield tag="264" ind1=" " ind2="1">
      <subfield code="a">New Haven :</subfield>
      <subfield code="b">Yale University Press,</subfield>
      <subfield code="c">[2017]</subfield>
    </datafield>
    <datafield tag="264" ind1=" " ind2="4">
      <subfield code="c">&#xA9;2017</subfield>
    </datafield>
    <datafield tag="300" ind1=" " ind2=" ">
      <subfield code="a">xiv, 454 pages ;</subfield>
      <subfield code="c">25 cm</subfield>
    </datafield>
    <datafield tag="336" ind1=" " ind2=" ">
      <subfield code="a">text</subfield>
      <subfield code="b">txt</subfield>
      <subfield code="2">rdacontent</subfield>
    </datafield>
    <datafield tag="337" ind1=" " ind2=" ">
      <subfield code="a">unmediated</subfield>
      <subfield code="b">n</subfield>
      <subfield code="2">rdamedia</subfield>
    </datafield>
    <datafield tag="338" ind1=" " ind2=" ">
      <subfield code="a">volume</subfield>
      <subfield code="b">nc</subfield>
      <subfield code="2">rdacarrier</subfield>
    </datafield>
    <datafield tag="504" ind1=" " ind2=" ">
      <subfield code="a">Includes bibliographical references (pages 381-439) and index.</subfield>
    </datafield>
    <datafield tag="505" ind1="0" ind2=" ">
      <subfield code="a">Introduction -- Israel's master stroke -- The epic mistake -- American disorder -- A new year's greeting -- A single roll of the dice -- All-out escalation -- Obama and the Mossad against Netanyahu -- The Arabs who brought Iran and the United States together -- The "Concession" -- The sheikh of diplomacy -- From Muscat to Geneva -- The pressure paradox -- "Our eyes were bleeding" -- The unclenched fist -- The war zone in Washington -- Conclusion.</subfield>
    </datafield>
    <datafield tag="520" ind1="8" ind2=" ">
      <subfield code="a">The definitive book on Obama's historic nuclear deal with Iran from the author of the Foreign Affairs Best Book on the Middle East in 2012. This timely book focuses on President Obama's deeply considered strategy toward Iran's nuclear program and reveals how the historic agreement of 2015 broke the persistent stalemate in negotiations that had blocked earlier efforts. The deal accomplished two major feats in one stroke: it averted the threat of war with Iran and prevented the possibility of an Iranian nuclear bomb. Trita Parsi, a Middle East foreign policy expert who advised the Obama White House throughout the talks and had access to decision-makers and diplomats on the U.S. and Iranian sides alike, examines every facet of a triumph that could become as important and consequential as Nixon's rapprochement with China. Drawing from more than seventy-five in-depth interviews with key decision-makers, including Iran's Foreign Minister Javad Zarif and U.S. Secretary of State John Kerry, this is the first authoritative account of President Obama's signature foreign policy achievement.</subfield>
    </datafield>
    <datafield tag="600" ind1="1" ind2="0">
      <subfield code="a">Obama, Barack.</subfield>
    </datafield>
    <datafield tag="600" ind1="1" ind2="7">
      <subfield code="a">Obama, Barack</subfield>
      <subfield code="2">fast</subfield>
      <subfield code="0">(OCoLC)fst00348231</subfield>
    </datafield>
    <datafield tag="648" ind1=" " ind2="7">
      <subfield code="a">2000-2099</subfield>
      <subfield code="2">fast</subfield>
    </datafield>
    <datafield tag="650" ind1=" " ind2="7">
      <subfield code="a">Diplomatic relations.</subfield>
      <subfield code="2">fast</subfield>
      <subfield code="0">(OCoLC)fst01907412</subfield>
    </datafield>
    <datafield tag="650" ind1=" " ind2="7">
      <subfield code="a">HISTORY / Middle East.</subfield>
      <subfield code="2">bisacsh</subfield>
    </datafield>
    <datafield tag="650" ind1=" " ind2="7">
      <subfield code="a">HISTORY / United States / 21st Century.</subfield>
      <subfield code="2">bisacsh</subfield>
    </datafield>
    <datafield tag="650" ind1=" " ind2="7">
      <subfield code="a">POLITICAL SCIENCE / International Relations / Diplomacy.</subfield>
      <subfield code="2">bisacsh</subfield>
    </datafield>
    <datafield tag="651" ind1=" " ind2="0">
      <subfield code="a">United States</subfield>
      <subfield code="x">Foreign relations</subfield>
      <subfield code="z">Iran.</subfield>
    </datafield>
    <datafield tag="651" ind1=" " ind2="0">
      <subfield code="a">Iran</subfield>
      <subfield code="x">Foreign relations</subfield>
      <subfield code="z">United States.</subfield>
    </datafield>
    <datafield tag="651" ind1=" " ind2="0">
      <subfield code="a">United States</subfield>
      <subfield code="x">Foreign relations</subfield>
      <subfield code="y">2009-2017.</subfield>
    </datafield>
    <datafield tag="651" ind1=" " ind2="0">
      <subfield code="a">Iran</subfield>
      <subfield code="x">Foreign relations</subfield>
      <subfield code="y">21st century.</subfield>
    </datafield>
    <datafield tag="651" ind1=" " ind2="7">
      <subfield code="a">Iran</subfield>
      <subfield code="2">fast</subfield>
      <subfield code="0">(OCoLC)fst01204889</subfield>
    </datafield>
    <datafield tag="651" ind1=" " ind2="7">
      <subfield code="a">United States</subfield>
      <subfield code="2">fast</subfield>
      <subfield code="0">(OCoLC)fst01204155</subfield>
    </datafield>
    <datafield tag="945" ind1=" " ind2="1">
      <subfield code="i">39074026674796</subfield>
      <subfield code="k">MAIN</subfield>
      <subfield code="l">stacks</subfield>
      <subfield code="a">E183.8.I55</subfield>
      <subfield code="b">P379 2017</subfield>
      <subfield code="z">090</subfield>
    </datafield>
    <datafield tag="960" ind1=" " ind2=" ">
      <subfield code="k">MAIN</subfield>
      <subfield code="l">stacks</subfield>
    </datafield>
    <datafield tag="979" ind1=" " ind2=" ">
      <subfield code="a">ocn959035825</subfield>
    </datafield>
    <datafield tag="980" ind1=" " ind2=" ">
      <subfield code="a">08-02-17</subfield>
      <subfield code="b">3250</subfield>
      <subfield code="e">2616</subfield>
      <subfield code="f">I20103983</subfield>
    </datafield>
    <datafield tag="981" ind1=" " ind2=" ">
      <subfield code="a">Coutt</subfield>
      <subfield code="b">cthua</subfield>
      <subfield code="d">36114453</subfield>
      <subfield code="e">SLI</subfield>
      <subfield code="k">MAIN</subfield>
      <subfield code="l">stacks</subfield>
    </datafield>
    <datafield tag="ADM" ind1=" " ind2=" ">
      <subfield code="b">2020-06-24 03:50:08</subfield>
      <subfield code="e">ocn959035825</subfield>
      <subfield code="d">COUTTS</subfield>
      <subfield code="f">20170726145335.0</subfield>
      <subfield code="a">2017-08-11 15:46:46</subfield>
      <subfield code="c">false</subfield>
    </datafield>
    <datafield tag="HLD" ind1="0" ind2=" ">
      <subfield code="b">MAIN</subfield>
      <subfield code="c">stacks</subfield>
      <subfield code="h">E183.8.I55</subfield>
      <subfield code="i">P379 2017</subfield>
      <subfield code="8">22399363350003811</subfield>
      <subfield code="updated">2017-08-11 15:48:07</subfield>
      <subfield code="created">2017-08-11 15:48:07</subfield>
    </datafield>
    <datafield tag="HLD" ind1="0" ind2=" ">
      <subfield code="b">JAPAN</subfield>
      <subfield code="c">stacks</subfield>
      <subfield code="h">E183.8.I55</subfield>
      <subfield code="i">P379 2017</subfield>
      <subfield code="8">22400947620003811</subfield>
      <subfield code="updated">2017-09-20 03:05:57</subfield>
      <subfield code="created">2017-09-20 02:59:25</subfield>
    </datafield>
    <datafield tag="ITM" ind1=" " ind2=" ">
      <subfield code="r">22399363350003811</subfield>
      <subfield code="b">0</subfield>
      <subfield code="h">0</subfield>
      <subfield code="g">stacks</subfield>
      <subfield code="t">BOOK</subfield>
      <subfield code="9">39074026674796</subfield>
      <subfield code="e">stacks</subfield>
      <subfield code="l">0</subfield>
      <subfield code="8">23399363300003811</subfield>
      <subfield code="j">0</subfield>
      <subfield code="a">0</subfield>
      <subfield code="i">E183.8.I55 P379 2017</subfield>
      <subfield code="updated">2020-01-13 21:58:37</subfield>
      <subfield code="u">LOAN</subfield>
      <subfield code="q">2017-08-11 15:48:07</subfield>
      <subfield code="d">MAIN</subfield>
      <subfield code="f">MAIN</subfield>
    </datafield>
    <datafield tag="ITM" ind1=" " ind2=" ">
      <subfield code="r">22400947620003811</subfield>
      <subfield code="b">1</subfield>
      <subfield code="h">0</subfield>
      <subfield code="g">stacks</subfield>
      <subfield code="t">BOOK</subfield>
      <subfield code="9">31982070493863</subfield>
      <subfield code="e">stacks</subfield>
      <subfield code="8">23400947610003811</subfield>
      <subfield code="a">0</subfield>
      <subfield code="i">E183.8.I55 P379 2017</subfield>
      <subfield code="updated">2017-09-20 03:05:57</subfield>
      <subfield code="q">2017-09-20 03:01:36</subfield>
      <subfield code="d">JAPAN</subfield>
      <subfield code="f">JAPAN</subfield>
    </datafield>
  </record>