
  <record>
    <leader>01543nam  2200373 i 4500</leader>
    <controlfield tag="001">991036876695703811</controlfield>
    <controlfield tag="005">20170821200133.0</controlfield>
    <controlfield tag="006">m     o  d |      </controlfield>
    <controlfield tag="007">cr -n---------</controlfield>
    <controlfield tag="008">140726t20142014mdu     ob    001 0 eng d</controlfield>
    <datafield tag="020" ind1=" " ind2=" ">
      <subfield code="a">1-4422-2424-X</subfield>
    </datafield>
    <datafield tag="035" ind1=" " ind2=" ">
      <subfield code="a">(CKB)3710000000202438</subfield>
    </datafield>
    <datafield tag="035" ind1=" " ind2=" ">
      <subfield code="a">(EBL)1744872</subfield>
    </datafield>
    <datafield tag="035" ind1=" " ind2=" ">
      <subfield code="a">(OCoLC)884547058</subfield>
    </datafield>
    <datafield tag="035" ind1=" " ind2=" ">
      <subfield code="a">(SSID)ssj0001262588</subfield>
    </datafield>
    <datafield tag="035" ind1=" " ind2=" ">
      <subfield code="a">(PQKBManifestationID)12553942</subfield>
    </datafield>
    <datafield tag="035" ind1=" " ind2=" ">
      <subfield code="a">(PQKBTitleCode)TC0001262588</subfield>
    </datafield>
    <datafield tag="035" ind1=" " ind2=" ">
      <subfield code="a">(PQKBWorkID)11216822</subfield>
    </datafield>
    <datafield tag="035" ind1=" " ind2=" ">
      <subfield code="a">(PQKB)10628636</subfield>
    </datafield>
    <datafield tag="035" ind1=" " ind2=" ">
      <subfield code="a">(MiAaPQ)EBC1744872</subfield>
    </datafield>
    <datafield tag="035" ind1=" " ind2=" ">
      <subfield code="a">(EXLCZ)993710000000202438</subfield>
    </datafield>
    <datafield tag="040" ind1=" " ind2=" ">
      <subfield code="a">MiAaPQ</subfield>
      <subfield code="b">eng</subfield>
      <subfield code="e">rda</subfield>
      <subfield code="e">pn</subfield>
      <subfield code="c">MiAaPQ</subfield>
      <subfield code="d">MiAaPQ</subfield>
    </datafield>
    <datafield tag="041" ind1=" " ind2=" ">
      <subfield code="a">eng</subfield>
    </datafield>
    <datafield tag="043" ind1=" " ind2=" ">
      <subfield code="a">n-us---</subfield>
    </datafield>
    <datafield tag="050" ind1=" " ind2="4">
      <subfield code="a">E185.615</subfield>
      <subfield code="b">.G33 2014</subfield>
    </datafield>
    <datafield tag="082" ind1="0" ind2="0">
      <subfield code="a">305.800973</subfield>
    </datafield>
    <datafield tag="100" ind1="1" ind2=" ">
      <subfield code="a">Garfield, Gail,</subfield>
      <subfield code="d">1954-</subfield>
      <subfield code="e">author.</subfield>
    </datafield>
    <datafield tag="245" ind1="1" ind2="0">
      <subfield code="a">Tightrope :</subfield>
      <subfield code="b">a racial journey to the age of Obama /</subfield>
      <subfield code="c">Gail Garfield.</subfield>
    </datafield>
    <datafield tag="264" ind1=" " ind2="1">
      <subfield code="a">Lanham, Maryland ;</subfield>
      <subfield code="a">London :</subfield>
      <subfield code="b">Rowman &amp; Littlefield,</subfield>
      <subfield code="c">2014.</subfield>
    </datafield>
    <datafield tag="264" ind1=" " ind2="4">
      <subfield code="c">&#xA9;2014</subfield>
    </datafield>
    <datafield tag="300" ind1=" " ind2=" ">
      <subfield code="a">1 online resource (273 p.)</subfield>
    </datafield>
    <datafield tag="336" ind1=" " ind2=" ">
      <subfield code="a">text</subfield>
      <subfield code="b">txt</subfield>
    </datafield>
    <datafield tag="337" ind1=" " ind2=" ">
      <subfield code="a">computer</subfield>
      <subfield code="b">c</subfield>
    </datafield>
    <datafield tag="338" ind1=" " ind2=" ">
      <subfield code="a">online resource</subfield>
      <subfield code="b">cr</subfield>
    </datafield>
    <datafield tag="500" ind1=" " ind2=" ">
      <subfield code="a">Description based upon print version of record.</subfield>
    </datafield>
    <datafield tag="505" ind1="0" ind2=" ">
      <subfield code="a">Contents; Acknowledgments; Introduction; 1 Who Am I?; 2 Who Were We?; 3 Who Are We Becoming?; 4 Are We a Part of Each Other?; 5 Are We Different yet the Same?; 6 Who Is Included and Who Belongs?; Epilogue; Notes; Bibliography; Index</subfield>
    </datafield>
    <datafield tag="520" ind1=" " ind2=" ">
      <subfield code="a">&lt;span&gt;&lt;span style=""font-style:italic;""&gt;Tightrope &lt;/span&gt;&lt;span&gt;explores changes in American attitudes that made it possible to elect a black President. Gail Garfield weaves her own experiences with broader racial history to trace the remarkable shift. Her scholarship explores the complex intersection of race, class, and gender. &lt;/span&gt;&lt;/span&gt;</subfield>
    </datafield>
    <datafield tag="546" ind1=" " ind2=" ">
      <subfield code="a">English</subfield>
    </datafield>
    <datafield tag="504" ind1=" " ind2=" ">
      <subfield code="a">Includes bibliographical references and index.</subfield>
    </datafield>
    <datafield tag="588" ind1=" " ind2=" ">
      <subfield code="a">Description based on print version record.</subfield>
    </datafield>
    <datafield tag="650" ind1=" " ind2="0">
      <subfield code="a">Racism</subfield>
      <subfield code="z">United States</subfield>
      <subfield code="x">History.</subfield>
    </datafield>
    <datafield tag="650" ind1=" " ind2="0">
      <subfield code="a">Families</subfield>
      <subfield code="z">United States</subfield>
      <subfield code="x">History.</subfield>
    </datafield>
    <datafield tag="650" ind1=" " ind2="0">
      <subfield code="a">Group identity</subfield>
      <subfield code="z">United States</subfield>
      <subfield code="x">History.</subfield>
    </datafield>
    <datafield tag="651" ind1=" " ind2="0">
      <subfield code="a">United States</subfield>
      <subfield code="x">Race relations</subfield>
      <subfield code="x">History.</subfield>
    </datafield>
    <datafield tag="655" ind1=" " ind2="4">
      <subfield code="a">Electronic books.</subfield>
    </datafield>
    <datafield tag="776" ind1=" " ind2=" ">
      <subfield code="z">1-4422-2423-1</subfield>
    </datafield>
    <datafield tag="906" ind1=" " ind2=" ">
      <subfield code="a">BOOK</subfield>
    </datafield>
    <datafield tag="ADM" ind1=" " ind2=" ">
      <subfield code="b">2019-04-29 19:29:17</subfield>
      <subfield code="e">(CKB)3710000000202438</subfield>
      <subfield code="d">EBC</subfield>
      <subfield code="a">2014-08-03 01:03:53</subfield>
      <subfield code="c">false</subfield>
    </datafield>
    <datafield tag="PRT" ind1=" " ind2=" ">
      <subfield code="updated">2019-04-29 19:30:20</subfield>
      <subfield code="i">61462386960003811</subfield>
      <subfield code="e">EBSCOhost</subfield>
      <subfield code="c">EBSCOhost Ebook Public Library Collection - North America</subfield>
      <subfield code="created">2019-04-29 19:29:32</subfield>
      <subfield code="j">62462386950003811</subfield>
      <subfield code="a">53463251430003811</subfield>
      <subfield code="b">https://sandbox01-na.alma.exlibrisgroup.com/view/uresolver/01TULI_INST/openurl?u.ignore_date_coverage=true&amp;rft.mms_id=991036876695703811</subfield>
      <subfield code="9">Available</subfield>
      <subfield code="h">614900000000000308</subfield>
      <subfield code="8">53463251430003811</subfield>
    </datafield>
    <datafield tag="PRT" ind1=" " ind2=" ">
      <subfield code="updated">2020-02-29 05:29:03</subfield>
      <subfield code="i">61391921830003811</subfield>
      <subfield code="e">EBSCOhost</subfield>
      <subfield code="c">EBSCOhost Academic eBook Collection (North America)</subfield>
      <subfield code="created">2020-02-29 05:29:03</subfield>
      <subfield code="j">62391921820003811</subfield>
      <subfield code="a">53496382540003811</subfield>
      <subfield code="b">https://sandbox01-na.alma.exlibrisgroup.com/view/uresolver/01TULI_INST/openurl?u.ignore_date_coverage=true&amp;rft.mms_id=991036876695703811</subfield>
      <subfield code="9">Available</subfield>
      <subfield code="h">613640000000000029</subfield>
      <subfield code="8">53496382540003811</subfield>
    </datafield>
    <datafield tag="PRT" ind1=" " ind2=" ">
      <subfield code="updated">2018-02-05 06:50:53</subfield>
      <subfield code="i">61395691750003811</subfield>
      <subfield code="e">EBSCOhost</subfield>
      <subfield code="c">EBSCOhost eBook Community College Collection</subfield>
      <subfield code="created">2018-02-05 06:50:53</subfield>
      <subfield code="j">62395691740003811</subfield>
      <subfield code="a">53412763550003811</subfield>
      <subfield code="b">https://sandbox01-na.alma.exlibrisgroup.com/view/uresolver/01TULI_INST/openurl?u.ignore_date_coverage=true&amp;rft.mms_id=991036876695703811</subfield>
      <subfield code="9">Available</subfield>
      <subfield code="h">613860000000000003</subfield>
      <subfield code="8">53412763550003811</subfield>
    </datafield>
  </record>