
  <record>
    <leader>04368pam a2200589 a 4500</leader>
    <controlfield tag="005">20190923164137.0</controlfield>
    <controlfield tag="008">080812t20082008onc      b    000 0 eng  </controlfield>
    <controlfield tag="001">991031791389703811</controlfield>
    <datafield tag="020" ind1=" " ind2=" ">
      <subfield code="a">9781550228649</subfield>
    </datafield>
    <datafield tag="020" ind1=" " ind2=" ">
      <subfield code="a">1550228641</subfield>
    </datafield>
    <datafield tag="035" ind1=" " ind2=" ">
      <subfield code="a">(PPT)b36140624-01tuli_inst</subfield>
    </datafield>
    <datafield tag="035" ind1=" " ind2=" ">
      <subfield code="a">(OCoLC)ocn492494533</subfield>
      <subfield code="9">ExL</subfield>
    </datafield>
    <datafield tag="035" ind1=" " ind2=" ">
      <subfield code="a">(OCoLC)229029271</subfield>
    </datafield>
    <datafield tag="035" ind1=" " ind2=" ">
      <subfield code="a">ocn229029271</subfield>
    </datafield>
    <datafield tag="035" ind1=" " ind2=" ">
      <subfield code="a">(OCLC)ocn229029271</subfield>
    </datafield>
    <datafield tag="040" ind1=" " ind2=" ">
      <subfield code="a">NLC</subfield>
      <subfield code="b">eng</subfield>
      <subfield code="c">NLC</subfield>
      <subfield code="d">UKM</subfield>
      <subfield code="d">BTCTA</subfield>
      <subfield code="d">BAKER</subfield>
      <subfield code="d">C#P</subfield>
    </datafield>
    <datafield tag="043" ind1=" " ind2=" ">
      <subfield code="a">n-us---</subfield>
    </datafield>
    <datafield tag="079" ind1=" " ind2=" ">
      <subfield code="a">ocn229029271</subfield>
    </datafield>
    <datafield tag="090" ind1=" " ind2=" ">
      <subfield code="a">E901.1.O23</subfield>
      <subfield code="b">O45 2008</subfield>
    </datafield>
    <datafield tag="100" ind1="1" ind2=" ">
      <subfield code="a">Olive, David.</subfield>
      <subfield code="0">http://id.loc.gov/authorities/names/n90671803</subfield>
    </datafield>
    <datafield tag="245" ind1="1" ind2="3">
      <subfield code="a">An American story :</subfield>
      <subfield code="b">the speeches of Barack Obama : a primer /</subfield>
      <subfield code="c">by David Olive.</subfield>
    </datafield>
    <datafield tag="264" ind1=" " ind2="1">
      <subfield code="a">Toronto :</subfield>
      <subfield code="b">ECW Press,</subfield>
      <subfield code="c">[2008]</subfield>
    </datafield>
    <datafield tag="264" ind1=" " ind2="4">
      <subfield code="c">&#xA9;2008</subfield>
    </datafield>
    <datafield tag="300" ind1=" " ind2=" ">
      <subfield code="a">xx, 355 pages ;</subfield>
      <subfield code="c">21 cm</subfield>
    </datafield>
    <datafield tag="336" ind1=" " ind2=" ">
      <subfield code="a">text</subfield>
      <subfield code="b">txt</subfield>
      <subfield code="2">rdacontent</subfield>
    </datafield>
    <datafield tag="337" ind1=" " ind2=" ">
      <subfield code="a">unmediated</subfield>
      <subfield code="b">n</subfield>
      <subfield code="2">rdamedia</subfield>
    </datafield>
    <datafield tag="338" ind1=" " ind2=" ">
      <subfield code="a">volume</subfield>
      <subfield code="b">nc</subfield>
      <subfield code="2">rdacarrier</subfield>
    </datafield>
    <datafield tag="500" ind1=" " ind2=" ">
      <subfield code="a">Includes text of 21 speeches by Barack Obama.</subfield>
    </datafield>
    <datafield tag="504" ind1=" " ind2=" ">
      <subfield code="a">Includes bibliographical references (pages 343-353).</subfield>
    </datafield>
    <datafield tag="504" ind1=" " ind2=" ">
      <subfield code="a">"Selected Obama writings and speeches": pages 354-355.</subfield>
    </datafield>
    <datafield tag="520" ind1=" " ind2=" ">
      <subfield code="a">Bursting on the national scene at the Democratic National Convention in 2004, Barack Obama is favored to become the first African-American leader of a major industrialized country. And that might be the least interesting thing about this young, charismatic intellect, who seeks to restore America's reputation abroad, and the well-being of Americans at home.</subfield>
    </datafield>
    <datafield tag="505" ind1="0" ind2=" ">
      <subfield code="a">The Politics of Hope and Reality -- Barack Obama on the Major Issues -- Michelle Obama: The Achiever -- A note on Barack Obama's Oratorical Style and its Impact -- Iraq War: Obama's prescient warning about an Iraq invasion -- National Unity: Obama denounces false divisions among Americans -- Prosperity and Fairness: Obama calls for a middle-class revival -- Education Reform: America can't afford to fall behind in the 21st-century economy -- Literacy: Improved literacy is the key to American competitiveness -- Veterans: Obama condemns neglect of military veterans -- A Caring Society: Obama's pragmatic approach to progressive politics -- Global Warming: The climate-change threat requires urgent action -- Religion and Politics: Religious faith should not be divorced from politics -- Stem Cell Research: A reminder that science has saved millions of lives -- Compassion: The role of Dr. King's example in everyday American life -- Resolving Iraq: A blueprint for Iraq withdrawal and restoring Mideast stability -- Health Care: Universal coverage as an American competitive advantage -- Terrorism: A long-delayed plan for crushing global terrorism -- The Golden Rule: Only with mutual respect can Americans move forward -- Political Reform: It's time the American public, not lobbyists, ran Washington -- Race in America: The real grievances of both blacks and whites can no longer be ignored -- Foreign Policy: A new American worldview both hard-line and humanitarian -- Economic Renewal: The Iraq conflict distracts us from crises at home and abroad -- Nobility of Public Service: America needs your service to community, country, and the world -- Patriotism: Obama redefines patriotism for the 21st century -- An Obama Primer -- From birth to presidential candidate.</subfield>
    </datafield>
    <datafield tag="650" ind1=" " ind2="0">
      <subfield code="a">Speeches, addresses, etc., American.</subfield>
      <subfield code="0">http://id.loc.gov/authorities/subjects/sh85126461</subfield>
    </datafield>
    <datafield tag="650" ind1=" " ind2="7">
      <subfield code="a">Speeches, addresses, etc., American.</subfield>
      <subfield code="2">fast</subfield>
      <subfield code="0">http://id.worldcat.org/fast/1129325</subfield>
    </datafield>
    <datafield tag="650" ind1="2" ind2="7">
      <subfield code="a">Politics and government.</subfield>
      <subfield code="2">fast</subfield>
      <subfield code="0">http://id.worldcat.org/fast/1919741</subfield>
    </datafield>
    <datafield tag="650" ind1="2" ind2="7">
      <subfield code="a">Oratory.</subfield>
      <subfield code="2">fast</subfield>
      <subfield code="0">http://id.worldcat.org/fast/1047214</subfield>
    </datafield>
    <datafield tag="651" ind1=" " ind2="0">
      <subfield code="a">United States</subfield>
      <subfield code="x">Politics and government</subfield>
      <subfield code="y">2001-2009.</subfield>
      <subfield code="0">http://id.loc.gov/authorities/subjects/sh2001002071</subfield>
    </datafield>
    <datafield tag="651" ind1="1" ind2="7">
      <subfield code="a">United States.</subfield>
      <subfield code="2">fast</subfield>
      <subfield code="0">http://id.worldcat.org/fast/1204155</subfield>
    </datafield>
    <datafield tag="600" ind1="1" ind2="0">
      <subfield code="a">Obama, Barack.</subfield>
      <subfield code="0">http://id.loc.gov/authorities/names/n94112934</subfield>
    </datafield>
    <datafield tag="600" ind1="1" ind2="7">
      <subfield code="a">Obama, Barack.</subfield>
      <subfield code="2">fast</subfield>
      <subfield code="0">http://id.worldcat.org/fast/348231</subfield>
    </datafield>
    <datafield tag="600" ind1=" " ind2="7">
      <subfield code="a">Obama, Barack.</subfield>
      <subfield code="2">fast</subfield>
      <subfield code="0">http://id.worldcat.org/fast/348231</subfield>
    </datafield>
    <datafield tag="600" ind1="1" ind2="0">
      <subfield code="a">Obama, Barack</subfield>
      <subfield code="0">http://id.loc.gov/authorities/names/n94112934</subfield>
      <subfield code="x">Oratory.</subfield>
      <subfield code="0">http://id.loc.gov/authorities/subjects/sh00006903</subfield>
    </datafield>
    <datafield tag="648" ind1=" " ind2="7">
      <subfield code="a">2001-2009.</subfield>
      <subfield code="2">fast</subfield>
    </datafield>
    <datafield tag="700" ind1="1" ind2=" ">
      <subfield code="a">Obama, Barack.</subfield>
      <subfield code="0">http://id.loc.gov/authorities/names/n94112934</subfield>
    </datafield>
    <datafield tag="901" ind1=" " ind2=" ">
      <subfield code="a">BNA</subfield>
    </datafield>
    <datafield tag="901" ind1=" " ind2=" ">
      <subfield code="a">R5733779</subfield>
    </datafield>
    <datafield tag="902" ind1=" " ind2=" ">
      <subfield code="a">151130</subfield>
    </datafield>
    <datafield tag="902" ind1=" " ind2=" ">
      <subfield code="a">080924AB0701</subfield>
    </datafield>
    <datafield tag="902" ind1=" " ind2=" ">
      <subfield code="a">MARCIVE-BF 20190703</subfield>
    </datafield>
    <datafield tag="903" ind1=" " ind2=" ">
      <subfield code="a">MARCIVE-TOC201904</subfield>
    </datafield>
    <datafield tag="904" ind1=" " ind2=" ">
      <subfield code="a">MARCIVE-SC</subfield>
    </datafield>
    <datafield tag="904" ind1=" " ind2=" ">
      <subfield code="a">MARCIVE 20200629</subfield>
    </datafield>
    <datafield tag="907" ind1=" " ind2=" ">
      <subfield code="a">.b36140624</subfield>
      <subfield code="b">multi</subfield>
      <subfield code="c">-</subfield>
    </datafield>
    <datafield tag="945" ind1=" " ind2=" ">
      <subfield code="l">b    </subfield>
      <subfield code="g">1</subfield>
    </datafield>
    <datafield tag="945" ind1=" " ind2=" ">
      <subfield code="l">pstk </subfield>
      <subfield code="g">1</subfield>
    </datafield>
    <datafield tag="979" ind1=" " ind2=" ">
      <subfield code="a">ocn229029271</subfield>
    </datafield>
    <datafield tag="998" ind1=" " ind2=" ">
      <subfield code="b">4</subfield>
      <subfield code="c">081002</subfield>
      <subfield code="d">m</subfield>
      <subfield code="e">a</subfield>
      <subfield code="f">-</subfield>
      <subfield code="g">3</subfield>
    </datafield>
    <datafield tag="998" ind1=" " ind2=" ">
      <subfield code="b">1</subfield>
      <subfield code="c">081002</subfield>
      <subfield code="d">m</subfield>
      <subfield code="e">a</subfield>
      <subfield code="f">-</subfield>
      <subfield code="g">3</subfield>
    </datafield>
    <datafield tag="ADM" ind1=" " ind2=" ">
      <subfield code="b">2020-09-09 01:03:42</subfield>
      <subfield code="e">b36140624-01tuli_inst</subfield>
      <subfield code="d">MARCIVE</subfield>
      <subfield code="f">20190607223625.0</subfield>
      <subfield code="a">2017-06-20 10:32:02</subfield>
      <subfield code="c">false</subfield>
    </datafield>
    <datafield tag="HLD" ind1="0" ind2=" ">
      <subfield code="b">BLOCKSON</subfield>
      <subfield code="c">rarestacks</subfield>
      <subfield code="h">E901.1.O23</subfield>
      <subfield code="i">O45 2008</subfield>
      <subfield code="8">22303800320003811</subfield>
      <subfield code="created">2017-06-20 10:32:02</subfield>
    </datafield>
    <datafield tag="HLD" ind1="0" ind2=" ">
      <subfield code="b">ASRS</subfield>
      <subfield code="c">ASRS</subfield>
      <subfield code="h"> E901.1.O23 </subfield>
      <subfield code="i"> O45 2008 </subfield>
      <subfield code="8">22455893200003811</subfield>
      <subfield code="updated">2019-04-16 08:30:21</subfield>
      <subfield code="created">2019-04-16 08:30:18</subfield>
    </datafield>
    <datafield tag="ITM" ind1=" " ind2=" ">
      <subfield code="r">22455893200003811</subfield>
      <subfield code="b">1</subfield>
      <subfield code="h">0</subfield>
      <subfield code="g">storage</subfield>
      <subfield code="t">BOOK</subfield>
      <subfield code="9">39074025246000</subfield>
      <subfield code="e">ASRS</subfield>
      <subfield code="8">23303800330003811</subfield>
      <subfield code="a">0</subfield>
      <subfield code="i">E901.1.O23 O45 2008</subfield>
      <subfield code="updated">2019-08-24 13:55:39</subfield>
      <subfield code="q">2017-06-20 10:32:02</subfield>
      <subfield code="d">ASRS</subfield>
      <subfield code="f">MAIN</subfield>
    </datafield>
    <datafield tag="ITM" ind1=" " ind2=" ">
      <subfield code="r">22303800320003811</subfield>
      <subfield code="b">1</subfield>
      <subfield code="h">0</subfield>
      <subfield code="g">rarestacks</subfield>
      <subfield code="t">BOOK</subfield>
      <subfield code="e">rarestacks</subfield>
      <subfield code="8">23303800310003811</subfield>
      <subfield code="a">3</subfield>
      <subfield code="i">E901.1.O23 O45 2008</subfield>
      <subfield code="updated">2020-03-25 19:28:45</subfield>
      <subfield code="q">2017-06-20 10:32:02</subfield>
      <subfield code="d">BLOCKSON</subfield>
      <subfield code="f">BLOCKSON</subfield>
    </datafield>
  </record>