
  <record>
    <leader>03377cam a2200517 a 4500</leader>
    <controlfield tag="005">20190716060100.0</controlfield>
    <controlfield tag="008">090513s2008    ie af         001 0 eng  </controlfield>
    <controlfield tag="001">991036504689703811</controlfield>
    <datafield tag="010" ind1=" " ind2=" ">
      <subfield code="a">2009292548</subfield>
    </datafield>
    <datafield tag="020" ind1=" " ind2=" ">
      <subfield code="a">9781905483570</subfield>
    </datafield>
    <datafield tag="020" ind1=" " ind2=" ">
      <subfield code="a">1905483570</subfield>
    </datafield>
    <datafield tag="035" ind1=" " ind2=" ">
      <subfield code="a">(PPT)b41393235-01tuli_inst</subfield>
    </datafield>
    <datafield tag="035" ind1=" " ind2=" ">
      <subfield code="a">(DLC)ocn652724988</subfield>
      <subfield code="9">ExL</subfield>
    </datafield>
    <datafield tag="035" ind1=" " ind2=" ">
      <subfield code="a">ocn297145509</subfield>
    </datafield>
    <datafield tag="035" ind1=" " ind2=" ">
      <subfield code="a">(OCLC)ocn297145509</subfield>
    </datafield>
    <datafield tag="040" ind1=" " ind2=" ">
      <subfield code="a">DLC</subfield>
      <subfield code="b">eng</subfield>
      <subfield code="c">DLC</subfield>
      <subfield code="d">DLC</subfield>
    </datafield>
    <datafield tag="043" ind1=" " ind2=" ">
      <subfield code="a">n-us---</subfield>
    </datafield>
    <datafield tag="079" ind1=" " ind2=" ">
      <subfield code="a">ocn297145509</subfield>
    </datafield>
    <datafield tag="090" ind1=" " ind2=" ">
      <subfield code="a">E906</subfield>
      <subfield code="b">.S73 2008</subfield>
    </datafield>
    <datafield tag="100" ind1="1" ind2=" ">
      <subfield code="a">Stanage, Niall.</subfield>
      <subfield code="0">http://id.loc.gov/authorities/names/no2009062583</subfield>
    </datafield>
    <datafield tag="245" ind1="1" ind2="0">
      <subfield code="a">Redemption song :</subfield>
      <subfield code="b">an Irish reporter inside the Obama campaign /</subfield>
      <subfield code="c">Niall Stanage.</subfield>
    </datafield>
    <datafield tag="264" ind1=" " ind2="1">
      <subfield code="a">Dublin :</subfield>
      <subfield code="b">Liberties Press ;</subfield>
      <subfield code="a">Chester Springs, Pa. :</subfield>
      <subfield code="b">Distributed in the United States by Dufour Editions,</subfield>
      <subfield code="c">2008.</subfield>
    </datafield>
    <datafield tag="300" ind1=" " ind2=" ">
      <subfield code="a">256 pages, 8 unnumbered pages of plates :</subfield>
      <subfield code="b">color illustrations ;</subfield>
      <subfield code="c">23 cm</subfield>
    </datafield>
    <datafield tag="336" ind1=" " ind2=" ">
      <subfield code="a">text</subfield>
      <subfield code="b">txt</subfield>
      <subfield code="2">rdacontent</subfield>
    </datafield>
    <datafield tag="337" ind1=" " ind2=" ">
      <subfield code="a">unmediated</subfield>
      <subfield code="b">n</subfield>
      <subfield code="2">rdamedia</subfield>
    </datafield>
    <datafield tag="338" ind1=" " ind2=" ">
      <subfield code="a">volume</subfield>
      <subfield code="b">nc</subfield>
      <subfield code="2">rdacarrier</subfield>
    </datafield>
    <datafield tag="500" ind1=" " ind2=" ">
      <subfield code="a">Includes index.</subfield>
    </datafield>
    <datafield tag="520" ind1=" " ind2=" ">
      <subfield code="a">The first African-American to reach the Oval Office swept to power on a promise to restore hope and optimism. Over the course of his campaign, Obama became a hero to millions of young Americans and a global political icon. He also exhibited a steeliness that surprised some commentators &#x96; though not those who had followed his career up to that point.</subfield>
    </datafield>
    <datafield tag="520" ind1="8" ind2="0">
      <subfield code="a">In this gripping account of Obama&#x92;s meteoric rise, Niall Stanage traces the future president&#x92;s first, halting steps as a local politician in Chicago, tells the inside story of the 2004 speech that made him a national star, and explores the tense internal debates that preceded his entry into the 2008 race. Stanage goes behind the scenes of the Illinois senator&#x92;s long and acrimonious tussle with Hillary Clinton for the Democratic Party&#x92;s presidential nomination and, thanks to the access he gained to the Obama campaign (including becoming the only Irish journalist to travel on the candidate&#x92;s plane), sheds new light on his battle with Republican nominee John McCain and his running mate Sarah Palin. He also examines what Obama&#x92;s election means for American and the world.</subfield>
    </datafield>
    <datafield tag="505" ind1="0" ind2=" ">
      <subfield code="a">The Speech -- Leap of Faith -- Girding for Battle -- Yes We Can! -- Trumping the Race Card -- The Warrior -- Elation and Frustration -- An End and a Beginning -- Obama, Ireland and the World -- Unconventional Conventions -- Breaking the Deadlock -- The Final Push -- Chicago.</subfield>
    </datafield>
    <datafield tag="650" ind1=" " ind2="0">
      <subfield code="a">Presidents</subfield>
      <subfield code="z">United States</subfield>
      <subfield code="x">Election</subfield>
      <subfield code="y">2008.</subfield>
      <subfield code="0">http://id.loc.gov/authorities/subjects/sh2010105921</subfield>
    </datafield>
    <datafield tag="650" ind1=" " ind2="0">
      <subfield code="a">Political campaigns</subfield>
      <subfield code="z">United States</subfield>
      <subfield code="x">History</subfield>
      <subfield code="y">21st century.</subfield>
      <subfield code="0">http://id.loc.gov/authorities/subjects/sh2010106962</subfield>
    </datafield>
    <datafield tag="650" ind1="2" ind2="7">
      <subfield code="a">Politics and government.</subfield>
      <subfield code="2">fast</subfield>
      <subfield code="0">http://id.worldcat.org/fast/1919741</subfield>
    </datafield>
    <datafield tag="650" ind1="1" ind2="7">
      <subfield code="a">Political campaigns.</subfield>
      <subfield code="2">fast</subfield>
      <subfield code="0">http://id.worldcat.org/fast/1069212</subfield>
    </datafield>
    <datafield tag="650" ind1="2" ind2="7">
      <subfield code="a">History.</subfield>
      <subfield code="2">fast</subfield>
      <subfield code="0">http://id.worldcat.org/fast/958235</subfield>
    </datafield>
    <datafield tag="650" ind1="1" ind2="7">
      <subfield code="a">Presidents.</subfield>
      <subfield code="2">fast</subfield>
      <subfield code="0">http://id.worldcat.org/fast/1075723</subfield>
    </datafield>
    <datafield tag="651" ind1=" " ind2="0">
      <subfield code="a">United States</subfield>
      <subfield code="x">Politics and government</subfield>
      <subfield code="y">2001-2009.</subfield>
      <subfield code="0">http://id.loc.gov/authorities/subjects/sh2001002071</subfield>
    </datafield>
    <datafield tag="651" ind1="1" ind2="7">
      <subfield code="a">United States.</subfield>
      <subfield code="2">fast</subfield>
      <subfield code="0">http://id.worldcat.org/fast/1204155</subfield>
    </datafield>
    <datafield tag="651" ind1="2" ind2="7">
      <subfield code="a">United States.</subfield>
      <subfield code="2">fast</subfield>
      <subfield code="0">http://id.worldcat.org/fast/1204155</subfield>
    </datafield>
    <datafield tag="600" ind1="1" ind2="7">
      <subfield code="a">Obama, Barack.</subfield>
      <subfield code="2">fast</subfield>
      <subfield code="0">http://id.worldcat.org/fast/348231</subfield>
    </datafield>
    <datafield tag="600" ind1=" " ind2="7">
      <subfield code="a">Obama, Barack.</subfield>
      <subfield code="2">fast</subfield>
      <subfield code="0">http://id.worldcat.org/fast/348231</subfield>
    </datafield>
    <datafield tag="600" ind1="1" ind2="0">
      <subfield code="a">Obama, Barack.</subfield>
      <subfield code="0">http://id.loc.gov/authorities/names/n94112934</subfield>
    </datafield>
    <datafield tag="648" ind1=" " ind2="7">
      <subfield code="a">2001-2009.</subfield>
      <subfield code="2">fast</subfield>
    </datafield>
    <datafield tag="648" ind1=" " ind2="7">
      <subfield code="a">21st century.</subfield>
      <subfield code="2">fast</subfield>
    </datafield>
    <datafield tag="648" ind1=" " ind2="7">
      <subfield code="a">2008.</subfield>
      <subfield code="2">fast</subfield>
    </datafield>
    <datafield tag="901" ind1=" " ind2=" ">
      <subfield code="a">BNA</subfield>
    </datafield>
    <datafield tag="901" ind1=" " ind2=" ">
      <subfield code="a">R8797925</subfield>
    </datafield>
    <datafield tag="902" ind1=" " ind2=" ">
      <subfield code="a">110512</subfield>
    </datafield>
    <datafield tag="902" ind1=" " ind2=" ">
      <subfield code="a">091007AB0701</subfield>
    </datafield>
    <datafield tag="902" ind1=" " ind2=" ">
      <subfield code="a">MARCIVE-BF 20190703</subfield>
    </datafield>
    <datafield tag="903" ind1=" " ind2=" ">
      <subfield code="a">MARCIVE-TOC201904</subfield>
    </datafield>
    <datafield tag="904" ind1=" " ind2=" ">
      <subfield code="a">MARCIVE 20200629</subfield>
    </datafield>
    <datafield tag="907" ind1=" " ind2=" ">
      <subfield code="a">.b41393235</subfield>
      <subfield code="b">p    </subfield>
      <subfield code="c">-</subfield>
    </datafield>
    <datafield tag="945" ind1=" " ind2=" ">
      <subfield code="l">pstk </subfield>
      <subfield code="g">1</subfield>
    </datafield>
    <datafield tag="979" ind1=" " ind2=" ">
      <subfield code="a">ocn297145509</subfield>
    </datafield>
    <datafield tag="998" ind1=" " ind2=" ">
      <subfield code="b">1</subfield>
      <subfield code="c">091016</subfield>
      <subfield code="d">m</subfield>
      <subfield code="e">a</subfield>
      <subfield code="f">-</subfield>
      <subfield code="g">0</subfield>
    </datafield>
    <datafield tag="ADM" ind1=" " ind2=" ">
      <subfield code="b">2020-09-08 23:42:42</subfield>
      <subfield code="e">b41393235-01tuli_inst</subfield>
      <subfield code="d">MARCIVE</subfield>
      <subfield code="f">20190607223312.0</subfield>
      <subfield code="a">2017-06-20 09:41:50</subfield>
      <subfield code="c">false</subfield>
    </datafield>
    <datafield tag="HLD" ind1="0" ind2=" ">
      <subfield code="b">ASRS</subfield>
      <subfield code="c">ASRS</subfield>
      <subfield code="h"> E906 </subfield>
      <subfield code="i"> .S73 2008 </subfield>
      <subfield code="8">22461481990003811</subfield>
      <subfield code="updated">2019-04-26 20:44:49</subfield>
      <subfield code="created">2019-04-26 20:44:47</subfield>
    </datafield>
    <datafield tag="ITM" ind1=" " ind2=" ">
      <subfield code="r">22461481990003811</subfield>
      <subfield code="b">1</subfield>
      <subfield code="h">0</subfield>
      <subfield code="g">ASRS</subfield>
      <subfield code="t">BOOK</subfield>
      <subfield code="9">39074025566035</subfield>
      <subfield code="e">ASRS</subfield>
      <subfield code="8">23296275090003811</subfield>
      <subfield code="a">0</subfield>
      <subfield code="i">E906 .S73 2008</subfield>
      <subfield code="updated">2019-04-26 20:45:12</subfield>
      <subfield code="q">2017-06-20 09:41:50</subfield>
      <subfield code="d">ASRS</subfield>
      <subfield code="f">ASRS</subfield>
    </datafield>
  </record>