
  <record>
    <leader>06378cam a2200505 i 4500</leader>
    <controlfield tag="005">20190708150205.0</controlfield>
    <controlfield tag="008">130605s2013    nyu      b    001 0 eng  </controlfield>
    <controlfield tag="001">991036375329703811</controlfield>
    <datafield tag="010" ind1=" " ind2=" ">
      <subfield code="a">2013016957</subfield>
    </datafield>
    <datafield tag="020" ind1=" " ind2=" ">
      <subfield code="a">9780670025947</subfield>
      <subfield code="q">(hardback)</subfield>
    </datafield>
    <datafield tag="020" ind1=" " ind2=" ">
      <subfield code="a">0670025941</subfield>
      <subfield code="q">(hardback)</subfield>
    </datafield>
    <datafield tag="035" ind1=" " ind2=" ">
      <subfield code="a">(PPT)b5499195x-01tuli_inst</subfield>
    </datafield>
    <datafield tag="035" ind1=" " ind2=" ">
      <subfield code="a">(OCoLC)ocn862501125</subfield>
      <subfield code="9">ExL</subfield>
    </datafield>
    <datafield tag="035" ind1=" " ind2=" ">
      <subfield code="a">(OCoLC)818953763</subfield>
      <subfield code="z">(OCoLC)841482125</subfield>
    </datafield>
    <datafield tag="035" ind1=" " ind2=" ">
      <subfield code="a">ocn818953763</subfield>
    </datafield>
    <datafield tag="035" ind1=" " ind2=" ">
      <subfield code="a">(OCLC)ocn818953763</subfield>
    </datafield>
    <datafield tag="040" ind1=" " ind2=" ">
      <subfield code="a">DLC</subfield>
      <subfield code="b">eng</subfield>
      <subfield code="e">rda</subfield>
      <subfield code="c">DLC</subfield>
      <subfield code="d">IG#</subfield>
      <subfield code="d">YDXCP</subfield>
      <subfield code="d">BTCTA</subfield>
      <subfield code="d">BDX</subfield>
      <subfield code="d">HHO</subfield>
      <subfield code="d">OI6</subfield>
      <subfield code="d">JP3</subfield>
      <subfield code="d">GO4</subfield>
      <subfield code="d">MNL</subfield>
      <subfield code="d">SNM</subfield>
      <subfield code="d">OCLCF</subfield>
      <subfield code="d">ABG</subfield>
      <subfield code="d">KMS</subfield>
      <subfield code="d">CDX</subfield>
    </datafield>
    <datafield tag="043" ind1=" " ind2=" ">
      <subfield code="a">n-us---</subfield>
    </datafield>
    <datafield tag="079" ind1=" " ind2=" ">
      <subfield code="a">ocn818953763</subfield>
    </datafield>
    <datafield tag="090" ind1=" " ind2=" ">
      <subfield code="a">JK526 2012</subfield>
      <subfield code="b">.B35 2013</subfield>
    </datafield>
    <datafield tag="100" ind1="1" ind2=" ">
      <subfield code="a">Balz, Daniel J.</subfield>
      <subfield code="0">http://id.loc.gov/authorities/names/n77014337</subfield>
    </datafield>
    <datafield tag="245" ind1="1" ind2="0">
      <subfield code="a">Collision 2012 :</subfield>
      <subfield code="b">Obama vs. Romney and the future of elections in America /</subfield>
      <subfield code="c">Dan Balz.</subfield>
    </datafield>
    <datafield tag="264" ind1=" " ind2="1">
      <subfield code="a">New York, New York :</subfield>
      <subfield code="b">Viking,</subfield>
      <subfield code="c">[2013]</subfield>
    </datafield>
    <datafield tag="300" ind1=" " ind2=" ">
      <subfield code="a">xiv, 381 pages ;</subfield>
      <subfield code="c">25 cm</subfield>
    </datafield>
    <datafield tag="336" ind1=" " ind2=" ">
      <subfield code="a">text</subfield>
      <subfield code="2">rdacontent</subfield>
    </datafield>
    <datafield tag="337" ind1=" " ind2=" ">
      <subfield code="a">unmediated</subfield>
      <subfield code="2">rdamedia</subfield>
    </datafield>
    <datafield tag="338" ind1=" " ind2=" ">
      <subfield code="a">volume</subfield>
      <subfield code="2">rdacarrier</subfield>
    </datafield>
    <datafield tag="500" ind1=" " ind2=" ">
      <subfield code="a">"A James H. Silberman Book."</subfield>
    </datafield>
    <datafield tag="504" ind1=" " ind2=" ">
      <subfield code="a">Includes bibliographical references (pages 359-364) and index.</subfield>
    </datafield>
    <datafield tag="505" ind1="0" ind2=" ">
      <subfield code="a">On the cusp of history -- Obama and Romney -- Under siege -- Message for the middle class -- Fall offensive -- building the army -- Mapping the race -- The Apocalypse Party -- The first primary -- Chris Christie's story -- First casualty -- Candidate "Oops" -- Strange interlude -- Mitt's moment -- The Gingrich resurrection -- The empire strikes back -- Santorum's challenge -- Etch a sketch -- The new America -- Defining battle -- The running mate -- Bill Clinton and the empty chair -- The 47 percent solution -- Debacle in Denver -- Ohio and the path to 270 -- The vote -- Romney's vote -- Into the future.</subfield>
    </datafield>
    <datafield tag="520" ind1=" " ind2=" ">
      <subfield code="a">Four years ago, a bright young  presidential candidate named Barack Obama campaigned on a theme of hope and change and made history. Today he finds himself in another bitter, divisive presidential race but without the buzzwords. Instead, an embattled president struggles with a dysfunctionally divided Congress, the controversial healthcare bill, a decade-long war, and a stagnant economy.</subfield>
    </datafield>
    <datafield tag="520" ind1=" " ind2=" ">
      <subfield code="a">The 2012 election was unpredictable, entertaining, and ultimately decisive, a two-year drama with a sprawling cast of characters and plot twists that kept even expert observers dazed and confused. In the end, Barack Obama defeated Mitt Romney by a relatively comfortable margin, but the story of how they got to the finish line is one of the most compelling in modern American politics. Collision 2012 tells the whole story in all its richness--Obama's political reawakening after the debt ceiling debacle in the summer of 2011; the long and often bizarre battle Romney survived to win the Republican nomination; the world of Big Data in Obama's Chicago headquarters, which produced the most sophisticated campaign int he history of presidential politics; and Romney's travails as a candidate often at odds with his own part. Rarely has a presidential race involved two candidates who came from such divergent backgrounds and who had such different worldviews as Barack Obama and Mitt Romney. THe book draws sharp portraits of the two nominees, as Obama sought to turn around his presidency after his party's midterm shellacking in 2010 and Romney overcame initial doubts about his ability to win over "true" conservatives. Dan Balz, one of the country's premier political reporters, takes readers inside both campaigns during the crucial moments of the general election, from the summer battle to define Romney to the fiasco of the Republican's "47 percent" comment and the president's disastrous performance in the Denver debate, which breathed life into Romney's struggling candidacy. Before all that, Romney faced serial challenges as he tried to prove that he was not a misfit in a party dominated by the Tea Party and other religious and social conservatives. Rick Perry seemed straight out of central casting for presidential candidates until he imploded join the debate stage. Newt Gingrich repeatedly rose form the dead to challenge Romney in a series of bitterly fought primaries. Rick Santorum managed to turn three meaningless victories into a rationale to become Romney's last notable challenger. Cameos by Donald Trump, Herman Cain, Michele Bachmann, Tim Pawlenty, Paul Ryan, and Chris Christie provided both amusement and embarrassment for a part searching for its identity. The 2012 campaign played out against the backdrop of an economy still struggling to revive itself and of a changing America, where shifting demographics and deep polarization shaped both the dialogue and the outcome. New forces, including Super PACs and their billionaire contributors, the rise of Twitter, and the proliferation of polls and debates, set this election apart from any that had come before it. In telling this story, The Washington Post's Dan Balz draws on sources deep inside all the campaigns as well as decades of experience covering American politics. His reporting includes lengthy and revealing interviews with many of the candidates who sought the presidency. The result is an insider;s account of the decisions and strategies of the candidates combined wit a historian's perspective on the underlying forces that are reshaping the country. As a record of political theater and as a window into the struggle between where America has been and where it may be going, Collision 2012 puts the race for the White HOuse in much needed context and explores just what the election means for the future of the democratic process.</subfield>
    </datafield>
    <datafield tag="650" ind1=" " ind2="0">
      <subfield code="a">Presidents</subfield>
      <subfield code="z">United States</subfield>
      <subfield code="x">Election</subfield>
      <subfield code="0">http://id.loc.gov/authorities/subjects/sh85106475</subfield>
      <subfield code="y">2012.</subfield>
    </datafield>
    <datafield tag="650" ind1=" " ind2="0">
      <subfield code="a">Presidential candidates</subfield>
      <subfield code="z">United States.</subfield>
      <subfield code="0">http://id.loc.gov/authorities/subjects/sh2018003214</subfield>
    </datafield>
    <datafield tag="650" ind1="1" ind2="7">
      <subfield code="a">Presidential candidates.</subfield>
      <subfield code="2">fast</subfield>
      <subfield code="0">http://id.worldcat.org/fast/1075708</subfield>
    </datafield>
    <datafield tag="650" ind1="1" ind2="7">
      <subfield code="a">Presidents.</subfield>
      <subfield code="2">fast</subfield>
      <subfield code="0">http://id.worldcat.org/fast/1075723</subfield>
    </datafield>
    <datafield tag="651" ind1="2" ind2="7">
      <subfield code="a">United States.</subfield>
      <subfield code="2">fast</subfield>
      <subfield code="0">http://id.worldcat.org/fast/1204155</subfield>
    </datafield>
    <datafield tag="600" ind1="1" ind2="0">
      <subfield code="a">Obama, Barack.</subfield>
      <subfield code="0">http://id.loc.gov/authorities/names/n94112934</subfield>
    </datafield>
    <datafield tag="600" ind1="1" ind2="7">
      <subfield code="a">Obama, Barack.</subfield>
      <subfield code="2">fast</subfield>
      <subfield code="0">http://id.worldcat.org/fast/348231</subfield>
    </datafield>
    <datafield tag="600" ind1="1" ind2="0">
      <subfield code="a">Romney, Mitt.</subfield>
      <subfield code="0">http://id.loc.gov/authorities/names/nr95017857</subfield>
    </datafield>
    <datafield tag="600" ind1="1" ind2="7">
      <subfield code="a">Romney, Mitt.</subfield>
      <subfield code="2">fast</subfield>
      <subfield code="0">http://id.worldcat.org/fast/355923</subfield>
    </datafield>
    <datafield tag="600" ind1=" " ind2="7">
      <subfield code="a">Romney, Mitt.</subfield>
      <subfield code="2">fast</subfield>
      <subfield code="0">http://id.worldcat.org/fast/355923</subfield>
    </datafield>
    <datafield tag="600" ind1=" " ind2="7">
      <subfield code="a">Obama, Barack.</subfield>
      <subfield code="2">fast</subfield>
      <subfield code="0">http://id.worldcat.org/fast/348231</subfield>
    </datafield>
    <datafield tag="648" ind1=" " ind2="7">
      <subfield code="a">2012.</subfield>
      <subfield code="2">fast</subfield>
    </datafield>
    <datafield tag="902" ind1=" " ind2=" ">
      <subfield code="a">170205</subfield>
    </datafield>
    <datafield tag="902" ind1=" " ind2=" ">
      <subfield code="a">MARCIVE-BF 20190703</subfield>
    </datafield>
    <datafield tag="904" ind1=" " ind2=" ">
      <subfield code="a">MARCIVE 20200629</subfield>
    </datafield>
    <datafield tag="907" ind1=" " ind2=" ">
      <subfield code="a">.b5499195x</subfield>
      <subfield code="b">p    </subfield>
      <subfield code="c">-</subfield>
    </datafield>
    <datafield tag="945" ind1=" " ind2=" ">
      <subfield code="l">pstk </subfield>
      <subfield code="g">1</subfield>
    </datafield>
    <datafield tag="979" ind1=" " ind2=" ">
      <subfield code="a">ocn818953763</subfield>
    </datafield>
    <datafield tag="998" ind1=" " ind2=" ">
      <subfield code="b">1</subfield>
      <subfield code="c">131004</subfield>
      <subfield code="d">m</subfield>
      <subfield code="e">a</subfield>
      <subfield code="f">-</subfield>
      <subfield code="g">0</subfield>
    </datafield>
    <datafield tag="ADM" ind1=" " ind2=" ">
      <subfield code="b">2020-09-09 00:19:37</subfield>
      <subfield code="e">b5499195x-01tuli_inst</subfield>
      <subfield code="d">MARCIVE</subfield>
      <subfield code="f">20190607195512.0</subfield>
      <subfield code="a">2017-06-20 06:35:45</subfield>
      <subfield code="c">false</subfield>
    </datafield>
    <datafield tag="HLD" ind1="0" ind2=" ">
      <subfield code="b">ASRS</subfield>
      <subfield code="c">ASRS</subfield>
      <subfield code="h"> JK526 2012 </subfield>
      <subfield code="i"> .B35 2013 </subfield>
      <subfield code="8">22463976780003811</subfield>
      <subfield code="updated">2019-05-01 21:22:57</subfield>
      <subfield code="created">2019-05-01 21:22:51</subfield>
    </datafield>
    <datafield tag="ITM" ind1=" " ind2=" ">
      <subfield code="r">22463976780003811</subfield>
      <subfield code="b">1</subfield>
      <subfield code="h">0</subfield>
      <subfield code="g">ASRS</subfield>
      <subfield code="t">BOOK</subfield>
      <subfield code="9">39074026588483</subfield>
      <subfield code="e">ASRS</subfield>
      <subfield code="8">23250787940003811</subfield>
      <subfield code="a">0</subfield>
      <subfield code="i">JK526 2012 .B35 2013</subfield>
      <subfield code="updated">2019-05-01 21:23:26</subfield>
      <subfield code="q">2017-06-20 06:35:45</subfield>
      <subfield code="d">ASRS</subfield>
      <subfield code="f">ASRS</subfield>
    </datafield>
  </record>