
  <record>
    <leader>01329nam a2200325Ia 4500</leader>
    <controlfield tag="001">991036734912503811</controlfield>
    <controlfield tag="005">20170815164221.0</controlfield>
    <controlfield tag="006">m     o  d |      </controlfield>
    <controlfield tag="007">cr -n---------</controlfield>
    <controlfield tag="008">091223s2010    nyub    ob    001 0 eng d</controlfield>
    <datafield tag="010" ind1=" " ind2=" ">
      <subfield code="z">  2009051363</subfield>
    </datafield>
    <datafield tag="020" ind1=" " ind2=" ">
      <subfield code="a">1-4411-5126-5</subfield>
    </datafield>
    <datafield tag="020" ind1=" " ind2=" ">
      <subfield code="a">1-5013-0112-8</subfield>
    </datafield>
    <datafield tag="020" ind1=" " ind2=" ">
      <subfield code="a">1-282-82206-3</subfield>
    </datafield>
    <datafield tag="020" ind1=" " ind2=" ">
      <subfield code="a">9786612822063</subfield>
    </datafield>
    <datafield tag="020" ind1=" " ind2=" ">
      <subfield code="a">1-4411-8582-8</subfield>
    </datafield>
    <datafield tag="035" ind1=" " ind2=" ">
      <subfield code="a">(CKB)2670000000052286</subfield>
    </datafield>
    <datafield tag="035" ind1=" " ind2=" ">
      <subfield code="a">(EBL)592465</subfield>
    </datafield>
    <datafield tag="035" ind1=" " ind2=" ">
      <subfield code="a">(OCoLC)670412157</subfield>
    </datafield>
    <datafield tag="035" ind1=" " ind2=" ">
      <subfield code="a">(SSID)ssj0000425101</subfield>
    </datafield>
    <datafield tag="035" ind1=" " ind2=" ">
      <subfield code="a">(PQKBManifestationID)11292299</subfield>
    </datafield>
    <datafield tag="035" ind1=" " ind2=" ">
      <subfield code="a">(PQKBTitleCode)TC0000425101</subfield>
    </datafield>
    <datafield tag="035" ind1=" " ind2=" ">
      <subfield code="a">(PQKBWorkID)10476592</subfield>
    </datafield>
    <datafield tag="035" ind1=" " ind2=" ">
      <subfield code="a">(PQKB)10369061</subfield>
    </datafield>
    <datafield tag="035" ind1=" " ind2=" ">
      <subfield code="a">(MiAaPQ)EBC592465</subfield>
    </datafield>
    <datafield tag="035" ind1=" " ind2=" ">
      <subfield code="a">(EXLCZ)992670000000052286</subfield>
    </datafield>
    <datafield tag="040" ind1=" " ind2=" ">
      <subfield code="a">MiAaPQ</subfield>
      <subfield code="c">MiAaPQ</subfield>
      <subfield code="d">MiAaPQ</subfield>
    </datafield>
    <datafield tag="041" ind1=" " ind2=" ">
      <subfield code="a">eng</subfield>
    </datafield>
    <datafield tag="050" ind1=" " ind2="4">
      <subfield code="a">UA646.3</subfield>
      <subfield code="b">.S586 2010</subfield>
    </datafield>
    <datafield tag="082" ind1="0" ind2="0">
      <subfield code="a">327.1</subfield>
      <subfield code="a">355/.031091821</subfield>
    </datafield>
    <datafield tag="100" ind1="1" ind2=" ">
      <subfield code="a">Sloan, Stanley R.</subfield>
    </datafield>
    <datafield tag="245" ind1="1" ind2="0">
      <subfield code="a">Permanent alliance?</subfield>
      <subfield code="h">[electronic resource] :</subfield>
      <subfield code="b">NATO and the transatlantic bargain from Truman to Obama /</subfield>
      <subfield code="c">by Stanley R. Sloan; forward by the honorable Lee H. Hamilton.</subfield>
    </datafield>
    <datafield tag="260" ind1=" " ind2=" ">
      <subfield code="a">New York :</subfield>
      <subfield code="b">Continuum,</subfield>
      <subfield code="c">2010.</subfield>
    </datafield>
    <datafield tag="300" ind1=" " ind2=" ">
      <subfield code="a">1 online resource (336 p.)</subfield>
    </datafield>
    <datafield tag="336" ind1=" " ind2=" ">
      <subfield code="a">text</subfield>
      <subfield code="b">txt</subfield>
    </datafield>
    <datafield tag="337" ind1=" " ind2=" ">
      <subfield code="a">computer</subfield>
      <subfield code="b">c</subfield>
    </datafield>
    <datafield tag="338" ind1=" " ind2=" ">
      <subfield code="a">online resource</subfield>
      <subfield code="b">cr</subfield>
    </datafield>
    <datafield tag="500" ind1=" " ind2=" ">
      <subfield code="a">Description based upon print version of record.</subfield>
    </datafield>
    <datafield tag="505" ind1="0" ind2=" ">
      <subfield code="a">Contents; Foreword; Acknowledgments; NATO and EU Maps; List of Acronyms; Part I: Cold War Alliance; Part II: Post-Cold War Alliance; Part III: Permanent Alliance?; Appendix: The North Atlantic Treaty: Washington D.C.-April 4, 1949; Select Bibliography; About the Author; Index</subfield>
    </datafield>
    <datafield tag="520" ind1=" " ind2=" ">
      <subfield code="a">In Permanent Alliance? Stanley R. Sloan discusses the global trends that are changing the environment for transatlantic relations, such as European integration, global security, emerging powers, and the role of the United States as a world leader. A completely updated and refocused version of Sloan's previous work, NATO, the European Union, and the Atlantic Community, the book now examines whether NATO has become the "permanent alliance" about which President George Washington warned or if it is nearing the end of its utility. Permanent Alliance? links historical development with contemporary </subfield>
    </datafield>
    <datafield tag="546" ind1=" " ind2=" ">
      <subfield code="a">English</subfield>
    </datafield>
    <datafield tag="504" ind1=" " ind2=" ">
      <subfield code="a">Includes bibliographical references and index.</subfield>
    </datafield>
    <datafield tag="610" ind1="2" ind2="0">
      <subfield code="a">North Atlantic Treaty Organization</subfield>
      <subfield code="x">History.</subfield>
    </datafield>
    <datafield tag="650" ind1=" " ind2="0">
      <subfield code="a">International relations.</subfield>
    </datafield>
    <datafield tag="651" ind1=" " ind2="0">
      <subfield code="a">United States</subfield>
      <subfield code="x">Foreign relations</subfield>
      <subfield code="z">Europe.</subfield>
    </datafield>
    <datafield tag="651" ind1=" " ind2="0">
      <subfield code="a">Europe</subfield>
      <subfield code="x">Foreign relations</subfield>
      <subfield code="z">United States.</subfield>
    </datafield>
    <datafield tag="655" ind1=" " ind2="4">
      <subfield code="a">Electronic books.</subfield>
    </datafield>
    <datafield tag="776" ind1=" " ind2=" ">
      <subfield code="z">1-5013-0782-7</subfield>
    </datafield>
    <datafield tag="776" ind1=" " ind2=" ">
      <subfield code="z">1-4411-3805-6</subfield>
    </datafield>
    <datafield tag="906" ind1=" " ind2=" ">
      <subfield code="a">BOOK</subfield>
    </datafield>
    <datafield tag="ADM" ind1=" " ind2=" ">
      <subfield code="b">2020-03-16 21:41:40</subfield>
      <subfield code="e">992670000000052286</subfield>
      <subfield code="d">NON_SFX</subfield>
      <subfield code="f">20160803134623.0</subfield>
      <subfield code="a">2012-02-26 01:44:54</subfield>
      <subfield code="c">false</subfield>
    </datafield>
    <datafield tag="PRT" ind1=" " ind2=" ">
      <subfield code="updated">2018-02-05 06:45:24</subfield>
      <subfield code="i">61395691750003811</subfield>
      <subfield code="e">EBSCOhost</subfield>
      <subfield code="c">EBSCOhost eBook Community College Collection</subfield>
      <subfield code="created">2018-02-05 06:45:24</subfield>
      <subfield code="j">62395691740003811</subfield>
      <subfield code="a">53412745310003811</subfield>
      <subfield code="b">https://sandbox01-na.alma.exlibrisgroup.com/view/uresolver/01TULI_INST/openurl?u.ignore_date_coverage=true&amp;rft.mms_id=991036734912503811</subfield>
      <subfield code="9">Available</subfield>
      <subfield code="h">613860000000000003</subfield>
      <subfield code="8">53412745310003811</subfield>
    </datafield>
    <datafield tag="PRT" ind1=" " ind2=" ">
      <subfield code="updated">2017-07-07 22:36:19</subfield>
      <subfield code="i">61391921830003811</subfield>
      <subfield code="e">EBSCOhost</subfield>
      <subfield code="c">EBSCOhost Academic eBook Collection (North America)</subfield>
      <subfield code="created">2017-07-07 22:35:27</subfield>
      <subfield code="j">62391921820003811</subfield>
      <subfield code="a">53392624050003811</subfield>
      <subfield code="b">https://sandbox01-na.alma.exlibrisgroup.com/view/uresolver/01TULI_INST/openurl?u.ignore_date_coverage=true&amp;rft.mms_id=991036734912503811</subfield>
      <subfield code="9">Available</subfield>
      <subfield code="h">613640000000000029</subfield>
      <subfield code="8">53392624050003811</subfield>
    </datafield>
    <datafield tag="PRT" ind1=" " ind2=" ">
      <subfield code="updated">2018-04-19 01:02:20</subfield>
      <subfield code="i">61419889170003811</subfield>
      <subfield code="e">Ebook Central</subfield>
      <subfield code="c">Ebook Central Academic Complete</subfield>
      <subfield code="created">2018-04-19 01:01:38</subfield>
      <subfield code="j">62419889160003811</subfield>
      <subfield code="a">53421709380003811</subfield>
      <subfield code="b">https://sandbox01-na.alma.exlibrisgroup.com/view/uresolver/01TULI_INST/openurl?u.ignore_date_coverage=true&amp;rft.mms_id=991036734912503811</subfield>
      <subfield code="9">Available</subfield>
      <subfield code="h">614200000000000002</subfield>
      <subfield code="8">53421709380003811</subfield>
    </datafield>
    <datafield tag="PRT" ind1=" " ind2=" ">
      <subfield code="updated">2018-04-26 15:15:08</subfield>
      <subfield code="i">61423633630003811</subfield>
      <subfield code="e">Ebook Central</subfield>
      <subfield code="c">Ebook Central College Complete</subfield>
      <subfield code="created">2018-04-26 15:14:39</subfield>
      <subfield code="j">62423633620003811</subfield>
      <subfield code="a">53423742870003811</subfield>
      <subfield code="b">https://sandbox01-na.alma.exlibrisgroup.com/view/uresolver/01TULI_INST/openurl?u.ignore_date_coverage=true&amp;rft.mms_id=991036734912503811</subfield>
      <subfield code="9">Available</subfield>
      <subfield code="h">614330000000000032</subfield>
      <subfield code="8">53423742870003811</subfield>
    </datafield>
  </record>