
  <record>
    <leader>03101cam a2200469 i 4500</leader>
    <controlfield tag="005">20190930174555.0</controlfield>
    <controlfield tag="008">180814t20182018nyu           000 0ceng  </controlfield>
    <controlfield tag="001">991036940496403811</controlfield>
    <datafield tag="010" ind1=" " ind2=" ">
      <subfield code="a">  2018019891</subfield>
    </datafield>
    <datafield tag="020" ind1=" " ind2=" ">
      <subfield code="a">9780143133292</subfield>
      <subfield code="q">(paperback)</subfield>
    </datafield>
    <datafield tag="020" ind1=" " ind2=" ">
      <subfield code="a">0143133292</subfield>
      <subfield code="q">(paperback)</subfield>
    </datafield>
    <datafield tag="020" ind1=" " ind2=" ">
      <subfield code="z">9780525505068</subfield>
      <subfield code="q">(electronic book)</subfield>
    </datafield>
    <datafield tag="020" ind1=" " ind2=" ">
      <subfield code="z">0525505067</subfield>
      <subfield code="q">(electronic book)</subfield>
    </datafield>
    <datafield tag="035" ind1=" " ind2=" ">
      <subfield code="a">(OCoLC)1044629710</subfield>
    </datafield>
    <datafield tag="040" ind1=" " ind2=" ">
      <subfield code="a">LBSOR/DLC</subfield>
      <subfield code="b">eng</subfield>
      <subfield code="e">rda</subfield>
      <subfield code="c">DLC</subfield>
      <subfield code="d">TOH</subfield>
      <subfield code="d">BDX</subfield>
      <subfield code="d">CNWPU</subfield>
      <subfield code="d">OCLCO</subfield>
      <subfield code="d">NYP</subfield>
      <subfield code="d">YDX</subfield>
    </datafield>
    <datafield tag="042" ind1=" " ind2=" ">
      <subfield code="a">pcc</subfield>
    </datafield>
    <datafield tag="043" ind1=" " ind2=" ">
      <subfield code="a">n-us---</subfield>
    </datafield>
    <datafield tag="050" ind1="0" ind2="0">
      <subfield code="a">E907</subfield>
      <subfield code="b">.W39 2018</subfield>
    </datafield>
    <datafield tag="082" ind1="0" ind2="0">
      <subfield code="a">973.932092/2</subfield>
      <subfield code="2">23</subfield>
    </datafield>
    <datafield tag="245" ind1="0" ind2="0">
      <subfield code="a">West Wingers :</subfield>
      <subfield code="b">stories from the dream chasers, change makers, and hope creators inside the Obama White House /</subfield>
      <subfield code="c">edited by Gautam Raghavan.</subfield>
    </datafield>
    <datafield tag="246" ind1="3" ind2="0">
      <subfield code="a">Stories from the dream chasers, change makers, and hope creators inside the Obama White House</subfield>
    </datafield>
    <datafield tag="264" ind1=" " ind2="1">
      <subfield code="a">New York, New York :</subfield>
      <subfield code="b">Penguin Books, An imprint of Penguin Random House LLC,</subfield>
      <subfield code="c">[2018]</subfield>
    </datafield>
    <datafield tag="264" ind1=" " ind2="4">
      <subfield code="c">&#xA9;2018</subfield>
    </datafield>
    <datafield tag="300" ind1=" " ind2=" ">
      <subfield code="a">xiii, 319 pages ;</subfield>
      <subfield code="c">21 cm</subfield>
    </datafield>
    <datafield tag="336" ind1=" " ind2=" ">
      <subfield code="a">text</subfield>
      <subfield code="b">txt</subfield>
      <subfield code="2">rdacontent</subfield>
    </datafield>
    <datafield tag="337" ind1=" " ind2=" ">
      <subfield code="a">unmediated</subfield>
      <subfield code="b">n</subfield>
      <subfield code="2">rdamedia</subfield>
    </datafield>
    <datafield tag="338" ind1=" " ind2=" ">
      <subfield code="a">volume</subfield>
      <subfield code="b">nc</subfield>
      <subfield code="2">rdacarrier</subfield>
    </datafield>
    <datafield tag="505" ind1="0" ind2=" ">
      <subfield code="a">Evolution / Gautam Raghavan -- Becoming a man / Michael Strautmanis -- Imagine Joey Lucas / Leah Katz-Hernandez -- Laughing between two ferns / Brad Jenkins -- Amazing grace / Heather Foster -- Worth it / Cecilia Mun&#x303;oz -- Go toward the good / Hope Hall -- Big f'ing deal / Michael J. Robertson -- Alaska / Raina Thiele -- A call to action / Lynn Rosenthal -- Behind the mahogany doors / Bill Yosses -- Full circle / Darienne Page Rakestraw -- Imposter / Deesha Dyer -- September 12 / Ned Price -- Si se puede / Julie Chavez Rodriguez -- Right where we belong / Rumana Ahmed -- Fiery Latinas / Stephanie Valencia -- Before we were us / Aneesh Raman.</subfield>
    </datafield>
    <datafield tag="520" ind1=" " ind2=" ">
      <subfield code="a">"The Obama White House staff invites us behind-the-scenes of history for a deeply personal and moving look at the presidency and how a president's staff can change the nation"--</subfield>
      <subfield code="c">Provided by publisher.</subfield>
    </datafield>
    <datafield tag="650" ind1=" " ind2="0">
      <subfield code="a">Presidents</subfield>
      <subfield code="z">United States</subfield>
      <subfield code="x">Staff</subfield>
      <subfield code="v">Biography.</subfield>
      <subfield code="0">http://id.loc.gov/authorities/subjects/sh2010108122</subfield>
    </datafield>
    <datafield tag="650" ind1="2" ind2="7">
      <subfield code="a">Politics and government.</subfield>
      <subfield code="2">fast</subfield>
      <subfield code="0">http://id.worldcat.org/fast/1919741</subfield>
    </datafield>
    <datafield tag="650" ind1="1" ind2="7">
      <subfield code="a">Presidents.</subfield>
      <subfield code="2">fast</subfield>
      <subfield code="0">http://id.worldcat.org/fast/1075723</subfield>
    </datafield>
    <datafield tag="650" ind1="2" ind2="7">
      <subfield code="a">Friends and associates.</subfield>
      <subfield code="2">fast</subfield>
      <subfield code="0">http://id.worldcat.org/fast/1353140</subfield>
    </datafield>
    <datafield tag="651" ind1=" " ind2="0">
      <subfield code="a">United States</subfield>
      <subfield code="x">Politics and government</subfield>
      <subfield code="y">2009-2017.</subfield>
      <subfield code="0">http://id.loc.gov/authorities/subjects/sh2009003409</subfield>
    </datafield>
    <datafield tag="651" ind1="1" ind2="7">
      <subfield code="a">United States.</subfield>
      <subfield code="2">fast</subfield>
      <subfield code="0">http://id.worldcat.org/fast/1204155</subfield>
    </datafield>
    <datafield tag="651" ind1="2" ind2="7">
      <subfield code="a">United States.</subfield>
      <subfield code="2">fast</subfield>
      <subfield code="0">http://id.worldcat.org/fast/1204155</subfield>
    </datafield>
    <datafield tag="655" ind1=" " ind2="7">
      <subfield code="a">Biographies.</subfield>
      <subfield code="2">lcgft</subfield>
      <subfield code="0">http://id.loc.gov/authorities/genreForms/gf2014026049</subfield>
    </datafield>
    <datafield tag="655" ind1=" " ind2="7">
      <subfield code="a">Biographies.</subfield>
      <subfield code="2">fast</subfield>
      <subfield code="0">http://id.worldcat.org/fast/1919896</subfield>
    </datafield>
    <datafield tag="655" ind1="2" ind2="7">
      <subfield code="a">Biographies.</subfield>
      <subfield code="2">fast</subfield>
      <subfield code="0">http://id.worldcat.org/fast/1919896</subfield>
    </datafield>
    <datafield tag="600" ind1="1" ind2="0">
      <subfield code="a">Obama, Barack</subfield>
      <subfield code="0">http://id.loc.gov/authorities/names/n94112934</subfield>
      <subfield code="x">Friends and associates.</subfield>
      <subfield code="0">http://id.loc.gov/authorities/subjects/sh00005818</subfield>
    </datafield>
    <datafield tag="600" ind1="1" ind2="7">
      <subfield code="a">Obama, Barack.</subfield>
      <subfield code="2">fast</subfield>
      <subfield code="0">http://id.worldcat.org/fast/348231</subfield>
    </datafield>
    <datafield tag="648" ind1=" " ind2="7">
      <subfield code="a">2009-2017.</subfield>
      <subfield code="2">fast</subfield>
    </datafield>
    <datafield tag="776" ind1="0" ind2="8">
      <subfield code="i">Online version:</subfield>
      <subfield code="t">West Wingers</subfield>
      <subfield code="d">New York, New York : Penguin Books, An imprint of Penguin Random House LLC, [2018]</subfield>
      <subfield code="z">9780525505068</subfield>
      <subfield code="w">(DLC)  2018043126</subfield>
    </datafield>
    <datafield tag="700" ind1="1" ind2=" ">
      <subfield code="a">Raghavan, Gautam,</subfield>
      <subfield code="0">http://id.loc.gov/authorities/names/no2018115124</subfield>
      <subfield code="e">editor.</subfield>
    </datafield>
    <datafield tag="902" ind1=" " ind2=" ">
      <subfield code="a">MARCIVE-BF 20190703</subfield>
    </datafield>
    <datafield tag="904" ind1=" " ind2=" ">
      <subfield code="a">MARCIVE 20200629</subfield>
    </datafield>
    <datafield tag="945" ind1=" " ind2="1">
      <subfield code="i">39074024429664</subfield>
      <subfield code="k">MAIN</subfield>
      <subfield code="l">stacks</subfield>
      <subfield code="a">E907</subfield>
      <subfield code="b">.W39 2018</subfield>
      <subfield code="z">090</subfield>
    </datafield>
    <datafield tag="979" ind1=" " ind2=" ">
      <subfield code="a">(OCoLC)1044629710</subfield>
    </datafield>
    <datafield tag="997" ind1=" " ind2=" ">
      <subfield code="a">20181026</subfield>
      <subfield code="d">TEU</subfield>
      <subfield code="c">COUTTS-SR</subfield>
      <subfield code="e">WCAT</subfield>
    </datafield>
    <datafield tag="ADM" ind1=" " ind2=" ">
      <subfield code="b">2020-09-08 23:42:06</subfield>
      <subfield code="e">on1044629710</subfield>
      <subfield code="d">MARCIVE</subfield>
      <subfield code="f">20190607173619.0</subfield>
      <subfield code="a">2018-10-11 15:05:30</subfield>
      <subfield code="c">false</subfield>
    </datafield>
    <datafield tag="HLD" ind1="0" ind2=" ">
      <subfield code="b">MAIN</subfield>
      <subfield code="c">stacks</subfield>
      <subfield code="h">E907</subfield>
      <subfield code="i">.W39 2018</subfield>
      <subfield code="8">22434232850003811</subfield>
      <subfield code="updated">2018-10-11 15:06:21</subfield>
      <subfield code="created">2018-10-11 15:06:20</subfield>
    </datafield>
    <datafield tag="ITM" ind1=" " ind2=" ">
      <subfield code="r">22434232850003811</subfield>
      <subfield code="b">1</subfield>
      <subfield code="h">0</subfield>
      <subfield code="g">stacks</subfield>
      <subfield code="t">BOOK</subfield>
      <subfield code="9">39074024429664</subfield>
      <subfield code="e">stacks</subfield>
      <subfield code="l">0</subfield>
      <subfield code="8">23434232840003811</subfield>
      <subfield code="a">0</subfield>
      <subfield code="i">E907 .W39 2018</subfield>
      <subfield code="updated">2018-10-29 05:40:00</subfield>
      <subfield code="q">2018-10-11 15:06:21</subfield>
      <subfield code="d">MAIN</subfield>
      <subfield code="f">MAIN</subfield>
    </datafield>
  </record>