
  <record>
    <leader>05340nam a22007335i 4500</leader>
    <controlfield tag="001">991037703682903811</controlfield>
    <controlfield tag="005">20200723103303.0</controlfield>
    <controlfield tag="006">m|||||o||d||||||||</controlfield>
    <controlfield tag="007">cr -n---------</controlfield>
    <controlfield tag="008">200723t20162016nyu    fo  d z      eng d</controlfield>
    <datafield tag="020" ind1=" " ind2=" ">
      <subfield code="a">1-4798-6807-8</subfield>
    </datafield>
    <datafield tag="024" ind1="7" ind2=" ">
      <subfield code="a">10.18574/9781479868070</subfield>
      <subfield code="2">doi</subfield>
    </datafield>
    <datafield tag="035" ind1=" " ind2=" ">
      <subfield code="a">(CKB)3820000000019103</subfield>
    </datafield>
    <datafield tag="035" ind1=" " ind2=" ">
      <subfield code="a">(EBL)4045251</subfield>
    </datafield>
    <datafield tag="035" ind1=" " ind2=" ">
      <subfield code="a">(SSID)ssj0001655187</subfield>
    </datafield>
    <datafield tag="035" ind1=" " ind2=" ">
      <subfield code="a">(PQKBManifestationID)16436022</subfield>
    </datafield>
    <datafield tag="035" ind1=" " ind2=" ">
      <subfield code="a">(PQKBTitleCode)TC0001655187</subfield>
    </datafield>
    <datafield tag="035" ind1=" " ind2=" ">
      <subfield code="a">(PQKBWorkID)14883426</subfield>
    </datafield>
    <datafield tag="035" ind1=" " ind2=" ">
      <subfield code="a">(PQKB)11029043</subfield>
    </datafield>
    <datafield tag="035" ind1=" " ind2=" ">
      <subfield code="a">(MiAaPQ)EBC4045251</subfield>
    </datafield>
    <datafield tag="035" ind1=" " ind2=" ">
      <subfield code="a">(DE-B1597)547439</subfield>
    </datafield>
    <datafield tag="035" ind1=" " ind2=" ">
      <subfield code="a">(DE-B1597)9781479868070</subfield>
    </datafield>
    <datafield tag="035" ind1=" " ind2=" ">
      <subfield code="a">(EXLCZ)993820000000019103</subfield>
    </datafield>
    <datafield tag="040" ind1=" " ind2=" ">
      <subfield code="a">DE-B1597</subfield>
      <subfield code="b">eng</subfield>
      <subfield code="c">DE-B1597</subfield>
      <subfield code="e">rda</subfield>
    </datafield>
    <datafield tag="041" ind1=" " ind2=" ">
      <subfield code="a">eng</subfield>
    </datafield>
    <datafield tag="043" ind1=" " ind2=" ">
      <subfield code="a">nwcu---</subfield>
      <subfield code="a">n-us---</subfield>
    </datafield>
    <datafield tag="044" ind1=" " ind2=" ">
      <subfield code="a">nyu</subfield>
      <subfield code="c">US-NY</subfield>
    </datafield>
    <datafield tag="050" ind1=" " ind2="4">
      <subfield code="a">KZ6495</subfield>
      <subfield code="b">.O23 2016eb</subfield>
    </datafield>
    <datafield tag="072" ind1=" " ind2="7">
      <subfield code="a">POL035010</subfield>
      <subfield code="2">bisacsh</subfield>
    </datafield>
    <datafield tag="082" ind1="0" ind2="4">
      <subfield code="a">344.7303/548</subfield>
      <subfield code="2">23</subfield>
    </datafield>
    <datafield tag="245" ind1="0" ind2="0">
      <subfield code="a">Obama's Guant&#xE1;namo :</subfield>
      <subfield code="b">Stories from an Enduring Prison /</subfield>
      <subfield code="c">Jonathan Hafetz.</subfield>
    </datafield>
    <datafield tag="264" ind1=" " ind2="1">
      <subfield code="a">New York, NY : </subfield>
      <subfield code="b">New York University Press, </subfield>
      <subfield code="c">[2016]</subfield>
    </datafield>
    <datafield tag="264" ind1=" " ind2="4">
      <subfield code="c">&#xA9;2016</subfield>
    </datafield>
    <datafield tag="300" ind1=" " ind2=" ">
      <subfield code="a">1 online resource (236 p.)</subfield>
    </datafield>
    <datafield tag="336" ind1=" " ind2=" ">
      <subfield code="a">text</subfield>
      <subfield code="b">txt</subfield>
    </datafield>
    <datafield tag="337" ind1=" " ind2=" ">
      <subfield code="a">computer</subfield>
      <subfield code="b">c</subfield>
    </datafield>
    <datafield tag="338" ind1=" " ind2=" ">
      <subfield code="a">online resource</subfield>
      <subfield code="b">cr</subfield>
    </datafield>
    <datafield tag="546" ind1=" " ind2=" ">
      <subfield code="a">English</subfield>
    </datafield>
    <datafield tag="500" ind1=" " ind2=" ">
      <subfield code="a">Includes index.</subfield>
    </datafield>
    <datafield tag="505" ind1="0" ind2="0">
      <subfield code="t">Frontmatter -- </subfield>
      <subfield code="t">Contents -- </subfield>
      <subfield code="t">Introduction -- </subfield>
      <subfield code="t">1. Twelve Years After -- </subfield>
      <subfield code="t">2. The Wrong Person: How Barack Obama Abandoned Habeas Corpus -- </subfield>
      <subfield code="t">3. President Obama&#x2019;s Failure to Transfer Detainees from Guant&#xE1;namo -- </subfield>
      <subfield code="t">4. The Boumediene Case after the Supreme Court -- </subfield>
      <subfield code="t">5. &#x201C;Too Dangerous to Release&#x201D;: Debunking the Claim -- </subfield>
      <subfield code="t">6. Mental Illness before Guant&#xE1;namo -- </subfield>
      <subfield code="t">7. You Love the Law Too Much -- </subfield>
      <subfield code="t">8. First, Do No Harm -- </subfield>
      <subfield code="t">9. Nourishing Resistance: Tariq Ba Odah&#x2019;s Eight-Year Hunger Strike at Guant&#xE1;namo Bay -- </subfield>
      <subfield code="t">10. The &#x201C;Taliban Five&#x201D; and the Prisoner Exchange -- </subfield>
      <subfield code="t">11. Hamdan: The Legal Challenge to Military Commissions -- </subfield>
      <subfield code="t">12. A Tale of Two Detainees -- </subfield>
      <subfield code="t">13. More Kafka than Kafka -- </subfield>
      <subfield code="t">14. Storytelling #Guantanamo -- </subfield>
      <subfield code="t">About the Contributors -- </subfield>
      <subfield code="t">Index </subfield>
    </datafield>
    <datafield tag="588" ind1="0" ind2=" ">
      <subfield code="a">Description based on online resource; title from PDF title page (publisher's Web site, viewed 23. Jul 2020)</subfield>
    </datafield>
    <datafield tag="520" ind1=" " ind2=" ">
      <subfield code="a">The U.S. detention center at Guant&#xE1;namo Bay has become the symbol of an unprecedented detention system of global reach and immense power. Since the 9/11 attacks, the news has on an almost daily basis headlined stories of prisoners held indefinitely at Guant&#xE1;namo without charge or trial, many of whom have been interrogated in violation of restrictions on torture and other abuse. These individuals, once labeled &#x201C;enemy combatants&#x201D; to eliminate legal restrictions on their treatment, have in numerous instances been subject to lawless renditions between prisons around the world. The lines between law enforcement and military action; crime and war; and the executive, legislative, and judicial branches of power have become dangerously blurred, and it is time to unpack the evolution and trajectory of these detentions to devise policies that restore the rule of law and due process.Obama&#x2019;s Guant&#xE1;namo: Stories from an Enduring Prison describes President Obama&#x2019;s failure to close America&#x2019;s enduring offshore detention center, as he had promised to do within his first year in office, and the costs of that failure for those imprisoned there. Like its predecessor, Guant&#xE1;namo Lawyers: Inside a Prison Outside the Law, Obama&#x2019;s Guant&#xE1;namo consists of accounts from lawyers who have not only represented detainees, but also served as their main connection to the outside world. Their stories provide us with an accessible explanation of the forces at work in the detentions and place detainees&#x2019; stories in the larger context of America&#x2019;s submission to fearmongering. These stories demonstrate all that is wrong with the prison and the importance of maintaining a commitment to human rights even in times of insecurity.</subfield>
    </datafield>
    <datafield tag="600" ind1="1" ind2="0">
      <subfield code="a">Obama, Barack.</subfield>
    </datafield>
    <datafield tag="610" ind1="2" ind2="0">
      <subfield code="a">Guanta&#x301;namo Bay Detention Camp.</subfield>
    </datafield>
    <datafield tag="650" ind1=" " ind2="0">
      <subfield code="a">Prisoners of war</subfield>
      <subfield code="x">Legal status, laws, etc.</subfield>
      <subfield code="z">Cuba</subfield>
      <subfield code="z">Guanta&#x301;namo Bay Naval Base.</subfield>
    </datafield>
    <datafield tag="650" ind1=" " ind2="0">
      <subfield code="a">Military courts</subfield>
      <subfield code="z">Cuba</subfield>
      <subfield code="z">Guanta&#x301;namo Bay Naval Base.</subfield>
    </datafield>
    <datafield tag="650" ind1=" " ind2="0">
      <subfield code="a">Detention of persons</subfield>
      <subfield code="z">Cuba</subfield>
      <subfield code="z">Guanta&#x301;namo Bay Naval Base.</subfield>
    </datafield>
    <datafield tag="650" ind1=" " ind2="0">
      <subfield code="a">Prisoners of war</subfield>
      <subfield code="x">Legal status, laws, etc.</subfield>
      <subfield code="z">United States.</subfield>
    </datafield>
    <datafield tag="650" ind1=" " ind2="0">
      <subfield code="a">Detention of persons</subfield>
      <subfield code="z">United States.</subfield>
    </datafield>
    <datafield tag="650" ind1=" " ind2="0">
      <subfield code="a">Military courts</subfield>
      <subfield code="z">United States.</subfield>
    </datafield>
    <datafield tag="655" ind1=" " ind2="4">
      <subfield code="a">Electronic books.</subfield>
    </datafield>
    <datafield tag="700" ind1="1" ind2=" ">
      <subfield code="a">Hafetz, Jonathan, </subfield>
      <subfield code="e">editor.</subfield>
      <subfield code="4">edt</subfield>
      <subfield code="4">http://id.loc.gov/vocabulary/relators/edt</subfield>
    </datafield>
    <datafield tag="776" ind1=" " ind2=" ">
      <subfield code="z">1-4798-5280-5</subfield>
    </datafield>
    <datafield tag="906" ind1=" " ind2=" ">
      <subfield code="a">BOOK</subfield>
    </datafield>
    <datafield tag="ADM" ind1=" " ind2=" ">
      <subfield code="b">2020-10-26 03:49:50</subfield>
      <subfield code="e">(CKB)3820000000019103</subfield>
      <subfield code="d">EBC</subfield>
      <subfield code="a">2016-05-07 15:36:22</subfield>
      <subfield code="c">false</subfield>
    </datafield>
    <datafield tag="PRT" ind1=" " ind2=" ">
      <subfield code="i">61391921830003811</subfield>
      <subfield code="updated">2020-07-25 13:33:23</subfield>
      <subfield code="e">EBSCOhost</subfield>
      <subfield code="c">EBSCOhost Academic eBook Collection (North America)</subfield>
      <subfield code="created">2020-07-25 13:33:22</subfield>
      <subfield code="j">62391921820003811</subfield>
      <subfield code="a">53528844850003811</subfield>
      <subfield code="b">https://sandbox01-na.alma.exlibrisgroup.com/view/uresolver/01TULI_INST/openurl?u.ignore_date_coverage=true&amp;rft.mms_id=991037703682903811</subfield>
      <subfield code="9">Available</subfield>
      <subfield code="h">613640000000000029</subfield>
      <subfield code="8">53528844850003811</subfield>
    </datafield>
  </record>