
  <record>
    <leader>02157nam a22004333u 4500</leader>
    <controlfield tag="001">991036855914503811</controlfield>
    <controlfield tag="005">20170816134340.0</controlfield>
    <controlfield tag="006">m        d        </controlfield>
    <controlfield tag="007">cr -n---------</controlfield>
    <controlfield tag="008">130610s2011|||||||     s|||||||||||eng|d</controlfield>
    <datafield tag="020" ind1=" " ind2=" ">
      <subfield code="a">1-59698-287-X</subfield>
    </datafield>
    <datafield tag="035" ind1=" " ind2=" ">
      <subfield code="a">(CKB)2550000000055978</subfield>
    </datafield>
    <datafield tag="035" ind1=" " ind2=" ">
      <subfield code="a">(EBL)908906</subfield>
    </datafield>
    <datafield tag="035" ind1=" " ind2=" ">
      <subfield code="a">(OCoLC)836407384</subfield>
    </datafield>
    <datafield tag="035" ind1=" " ind2=" ">
      <subfield code="a">(SSID)ssj0000647491</subfield>
    </datafield>
    <datafield tag="035" ind1=" " ind2=" ">
      <subfield code="a">(PQKBManifestationID)12248425</subfield>
    </datafield>
    <datafield tag="035" ind1=" " ind2=" ">
      <subfield code="a">(PQKBTitleCode)TC0000647491</subfield>
    </datafield>
    <datafield tag="035" ind1=" " ind2=" ">
      <subfield code="a">(PQKBWorkID)10593570</subfield>
    </datafield>
    <datafield tag="035" ind1=" " ind2=" ">
      <subfield code="a">(PQKB)11557725</subfield>
    </datafield>
    <datafield tag="035" ind1=" " ind2=" ">
      <subfield code="a">(EXLCZ)992550000000055978</subfield>
    </datafield>
    <datafield tag="040" ind1=" " ind2=" ">
      <subfield code="a">AU-PeEL</subfield>
      <subfield code="b">eng</subfield>
      <subfield code="c">AU-PeEL</subfield>
      <subfield code="d">AU-PeEL</subfield>
    </datafield>
    <datafield tag="041" ind1=" " ind2=" ">
      <subfield code="a">eng</subfield>
    </datafield>
    <datafield tag="050" ind1=" " ind2="4">
      <subfield code="a">E908 .D76</subfield>
    </datafield>
    <datafield tag="082" ind1="0" ind2="0">
      <subfield code="a">320.973</subfield>
      <subfield code="a">973.932092</subfield>
    </datafield>
    <datafield tag="100" ind1="1" ind2=" ">
      <subfield code="a">D'Souza, Dinesh.</subfield>
    </datafield>
    <datafield tag="245" ind1="1" ind2="4">
      <subfield code="a">The Roots of Obama's Rage</subfield>
      <subfield code="h">[electronic resource].</subfield>
    </datafield>
    <datafield tag="260" ind1=" " ind2=" ">
      <subfield code="a">New York :</subfield>
      <subfield code="b">Regnery Publishing,</subfield>
      <subfield code="c">2011.</subfield>
    </datafield>
    <datafield tag="300" ind1=" " ind2=" ">
      <subfield code="a">1 online resource (273 p.)</subfield>
    </datafield>
    <datafield tag="336" ind1=" " ind2=" ">
      <subfield code="a">text</subfield>
      <subfield code="b">txt</subfield>
    </datafield>
    <datafield tag="337" ind1=" " ind2=" ">
      <subfield code="a">computer</subfield>
      <subfield code="b">c</subfield>
    </datafield>
    <datafield tag="338" ind1=" " ind2=" ">
      <subfield code="a">online resource</subfield>
      <subfield code="b">cr</subfield>
    </datafield>
    <datafield tag="500" ind1=" " ind2=" ">
      <subfield code="a">Description based upon print version of record.</subfield>
    </datafield>
    <datafield tag="505" ind1="0" ind2=" ">
      <subfield code="a">CONTENTS; INTRODUCTION; CHAPTER 1: A TALE OF THREE DREAMS; CHAPTER 2: THE BLACK MAN'S BURDEN; CHAPTER 3: OBAMA'S PRIVATE WAR; CHAPTER 4: THE OUTSIDER; CHAPTER 5: AFRICAN IN AMERICA; CHAPTER 6: BECOMING BARACK; CHAPTER 7: PUTTING ON THE MASK; CHAPTER 8: HUMBLING THE OVERCLASS; CHAPTER 9: TAMING THE ROGUE NATION; CHAPTER 10: THE LAST ANTI-COLONIAL; ACKNOWLEDGMENTS; NOTES; INDEX</subfield>
    </datafield>
    <datafield tag="520" ind1=" " ind2=" ">
      <subfield code="a">FromThe Roots of Obama's RageWe are today living out the script for America and the world that was dreamt up not by Obama but by Obama's father. How do I know this? Because Obama says so himself. Reflect for a moment on the title of his book: it's not Dreams of My Father but rather Dreams from My Father. In other words, Obama is not writing a book about his father's dreams; he is writing a book about the dreams that he got from his father.Think about what this means. The most powerful country in the world is being governed according to the d</subfield>
    </datafield>
    <datafield tag="546" ind1=" " ind2=" ">
      <subfield code="a">English</subfield>
    </datafield>
    <datafield tag="650" ind1=" " ind2="4">
      <subfield code="a">Obama, Barack.</subfield>
    </datafield>
    <datafield tag="650" ind1=" " ind2="4">
      <subfield code="a">Presidents -- United States -- Biography.</subfield>
    </datafield>
    <datafield tag="655" ind1=" " ind2="0">
      <subfield code="a">Electronic books.</subfield>
    </datafield>
    <datafield tag="776" ind1=" " ind2=" ">
      <subfield code="z">1-59698-276-4</subfield>
    </datafield>
    <datafield tag="906" ind1=" " ind2=" ">
      <subfield code="a">BOOK</subfield>
    </datafield>
    <datafield tag="ADM" ind1=" " ind2=" ">
      <subfield code="b">2017-12-18 21:06:31</subfield>
      <subfield code="e">2550000000055978</subfield>
      <subfield code="d">PQNKB</subfield>
      <subfield code="f">20160803134623.0</subfield>
      <subfield code="a">2012-02-25 23:37:32</subfield>
      <subfield code="c">false</subfield>
    </datafield>
    <datafield tag="PRT" ind1=" " ind2=" ">
      <subfield code="updated">2018-03-18 05:47:01</subfield>
      <subfield code="i">61406135080003811</subfield>
      <subfield code="e">EBSCOhost</subfield>
      <subfield code="c">EBSCOhost eBook History Collection - North America</subfield>
      <subfield code="created">2017-12-18 21:06:59</subfield>
      <subfield code="j">62406135070003811</subfield>
      <subfield code="a">53406375200003811</subfield>
      <subfield code="b">https://sandbox01-na.alma.exlibrisgroup.com/view/uresolver/01TULI_INST/openurl?u.ignore_date_coverage=true&amp;rft.mms_id=991036855914503811</subfield>
      <subfield code="9">Available</subfield>
      <subfield code="h">613790000000001582</subfield>
      <subfield code="8">53406375200003811</subfield>
    </datafield>
  </record>