
  <record>
    <leader>02035nam a22003493u 4500</leader>
    <controlfield tag="001">991036824666803811</controlfield>
    <controlfield tag="005">20151123011051.0</controlfield>
    <controlfield tag="006">m        d        </controlfield>
    <controlfield tag="007">cr -n---------</controlfield>
    <controlfield tag="008">151123s2012|||||||     s|||||||||||eng|d</controlfield>
    <datafield tag="020" ind1=" " ind2=" ">
      <subfield code="a">1-4840-0664-X</subfield>
    </datafield>
    <datafield tag="035" ind1=" " ind2=" ">
      <subfield code="a">(CKB)3710000000507061</subfield>
    </datafield>
    <datafield tag="035" ind1=" " ind2=" ">
      <subfield code="a">(EBL)1621814</subfield>
    </datafield>
    <datafield tag="035" ind1=" " ind2=" ">
      <subfield code="a">(EXLCZ)993710000000507061</subfield>
    </datafield>
    <datafield tag="040" ind1=" " ind2=" ">
      <subfield code="a">AU-PeEL</subfield>
      <subfield code="b">eng</subfield>
      <subfield code="c">AU-PeEL</subfield>
      <subfield code="d">AU-PeEL</subfield>
    </datafield>
    <datafield tag="050" ind1=" " ind2="4">
      <subfield code="a">E185.97.O23</subfield>
    </datafield>
    <datafield tag="082" ind1="0" ind2="0">
      <subfield code="a">328.73097</subfield>
    </datafield>
    <datafield tag="100" ind1="1" ind2=" ">
      <subfield code="a">Montaqim, Abdul.</subfield>
    </datafield>
    <datafield tag="245" ind1="1" ind2="0">
      <subfield code="a">Quicklet on Barack Obama's Dreams From My Father</subfield>
      <subfield code="h">[electronic resource].</subfield>
    </datafield>
    <datafield tag="260" ind1=" " ind2=" ">
      <subfield code="a"> :</subfield>
      <subfield code="b">Hyperink,</subfield>
      <subfield code="c">2012.</subfield>
    </datafield>
    <datafield tag="300" ind1=" " ind2=" ">
      <subfield code="a">1 online resource (30 p.)</subfield>
    </datafield>
    <datafield tag="500" ind1=" " ind2=" ">
      <subfield code="a">Description based upon print version of record.</subfield>
    </datafield>
    <datafield tag="505" ind1="0" ind2=" ">
      <subfield code="a">Barack Obama's Dreams From My Father; Personal Introduction; About the Author; About the Book; Overall Summary; Character List; Key Terms &amp; Definitions; Major Themes and Symbols; Interesting Related Facts; Related Online Content</subfield>
    </datafield>
    <datafield tag="520" ind1=" " ind2=" ">
      <subfield code="a"> ABOUT THE BOOK    The first time I saw a news report about Barack Obama was well before he became the first black President of the United States of America. And, in this book, Dreams from My Father: A Story of Race and Inheritance, Obama takes the reader back to those not-too-distant days when the world was completely different.    Despite his obvious agreeable qualities, I was one of those people who did not believe Obama would become the Democratic Party's nomination for president. And I certainly did not believe he could be president.    Not once did I imagine that so many millions of Amer</subfield>
    </datafield>
    <datafield tag="650" ind1=" " ind2="4">
      <subfield code="a">African Americans -- Biography.</subfield>
    </datafield>
    <datafield tag="650" ind1=" " ind2="4">
      <subfield code="a">African Americans.</subfield>
    </datafield>
    <datafield tag="650" ind1=" " ind2="4">
      <subfield code="a">Obama, Barack.</subfield>
    </datafield>
    <datafield tag="650" ind1=" " ind2="4">
      <subfield code="a">Racially mixed people -- United States -- Biography.</subfield>
    </datafield>
    <datafield tag="650" ind1=" " ind2="4">
      <subfield code="a">Racism -- United States.</subfield>
    </datafield>
    <datafield tag="650" ind1=" " ind2="4">
      <subfield code="a">United States -- Race relations.</subfield>
    </datafield>
    <datafield tag="655" ind1=" " ind2="0">
      <subfield code="a">Electronic books.</subfield>
    </datafield>
    <datafield tag="906" ind1=" " ind2=" ">
      <subfield code="a">BOOK</subfield>
    </datafield>
    <datafield tag="ADM" ind1=" " ind2=" ">
      <subfield code="b">2017-08-07 07:55:00</subfield>
      <subfield code="e">(CKB)3710000000507061</subfield>
      <subfield code="d">CKB</subfield>
      <subfield code="f">20151123011051.0</subfield>
      <subfield code="a">2015-12-06 11:43:02</subfield>
      <subfield code="c">false</subfield>
    </datafield>
    <datafield tag="PRT" ind1=" " ind2=" ">
      <subfield code="updated">2017-08-07 07:55:01</subfield>
      <subfield code="i">61395691750003811</subfield>
      <subfield code="e">EBSCOhost</subfield>
      <subfield code="c">EBSCOhost eBook Community College Collection</subfield>
      <subfield code="created">2017-08-07 07:55:01</subfield>
      <subfield code="j">62395691740003811</subfield>
      <subfield code="a">53398119790003811</subfield>
      <subfield code="b">https://sandbox01-na.alma.exlibrisgroup.com/view/uresolver/01TULI_INST/openurl?u.ignore_date_coverage=true&amp;rft.mms_id=991036824666803811</subfield>
      <subfield code="9">Available</subfield>
      <subfield code="h">613860000000000003</subfield>
      <subfield code="8">53398119790003811</subfield>
    </datafield>
  </record>