
  <record>
    <leader>02291cam a2200505 i 4500</leader>
    <controlfield tag="005">20201012130418.0</controlfield>
    <controlfield tag="008">190913s2020    nyuacf e      001 0 eng d</controlfield>
    <controlfield tag="001">991037714890203811</controlfield>
    <datafield tag="010" ind1=" " ind2=" ">
      <subfield code="a">  2019950492</subfield>
    </datafield>
    <datafield tag="015" ind1=" " ind2=" ">
      <subfield code="a">GBB9I0519</subfield>
      <subfield code="2">bnb</subfield>
    </datafield>
    <datafield tag="016" ind1="7" ind2=" ">
      <subfield code="a">019601042</subfield>
      <subfield code="2">Uk</subfield>
    </datafield>
    <datafield tag="020" ind1=" " ind2=" ">
      <subfield code="a">9781541730618</subfield>
      <subfield code="q">(hardcover)</subfield>
    </datafield>
    <datafield tag="020" ind1=" " ind2=" ">
      <subfield code="a">1541730615</subfield>
      <subfield code="q">(hardcover)</subfield>
    </datafield>
    <datafield tag="020" ind1=" " ind2=" ">
      <subfield code="a">9781529308235</subfield>
      <subfield code="q">(hbk.)</subfield>
    </datafield>
    <datafield tag="020" ind1=" " ind2=" ">
      <subfield code="a">1529308232</subfield>
    </datafield>
    <datafield tag="035" ind1=" " ind2=" ">
      <subfield code="a">(OCoLC)1134538534</subfield>
    </datafield>
    <datafield tag="035" ind1=" " ind2=" ">
      <subfield code="a">(OCoLC)on1134538534</subfield>
    </datafield>
    <datafield tag="040" ind1=" " ind2=" ">
      <subfield code="a">TOH</subfield>
      <subfield code="b">eng</subfield>
      <subfield code="e">rda</subfield>
      <subfield code="c">DLC</subfield>
      <subfield code="d">HVL</subfield>
      <subfield code="d">CCPLG</subfield>
      <subfield code="d">EEM</subfield>
      <subfield code="d">ILM</subfield>
      <subfield code="d">TOH</subfield>
      <subfield code="d">OCLCO</subfield>
    </datafield>
    <datafield tag="042" ind1=" " ind2=" ">
      <subfield code="a">lccopycat</subfield>
    </datafield>
    <datafield tag="043" ind1=" " ind2=" ">
      <subfield code="a">n-us---</subfield>
    </datafield>
    <datafield tag="050" ind1="0" ind2="0">
      <subfield code="a">JK526 2008</subfield>
      <subfield code="b">.L54 2020</subfield>
    </datafield>
    <datafield tag="082" ind1="0" ind2="4">
      <subfield code="a">324.9730931</subfield>
      <subfield code="2">23</subfield>
    </datafield>
    <datafield tag="100" ind1="1" ind2=" ">
      <subfield code="a">Liddell-Westefeld, Chris,</subfield>
      <subfield code="e">author.</subfield>
    </datafield>
    <datafield tag="245" ind1="1" ind2="0">
      <subfield code="a">They said this day would never come :</subfield>
      <subfield code="b">chasing the dream on Obama's improbable campaign /</subfield>
      <subfield code="c">Chris Liddell-Westefeld.</subfield>
    </datafield>
    <datafield tag="250" ind1=" " ind2=" ">
      <subfield code="a">First edition.</subfield>
    </datafield>
    <datafield tag="264" ind1=" " ind2="1">
      <subfield code="a">New York :</subfield>
      <subfield code="b">PublicAffairs,</subfield>
      <subfield code="c">2020.</subfield>
    </datafield>
    <datafield tag="300" ind1=" " ind2=" ">
      <subfield code="a">xv, 236 pages, [8] unnumbered pages of color plates :</subfield>
      <subfield code="b">color illustrations, portrait ;</subfield>
      <subfield code="c">24 cm</subfield>
    </datafield>
    <datafield tag="336" ind1=" " ind2=" ">
      <subfield code="a">text</subfield>
      <subfield code="2">rdacontent</subfield>
    </datafield>
    <datafield tag="337" ind1=" " ind2=" ">
      <subfield code="a">unmediated</subfield>
      <subfield code="2">rdamedia</subfield>
    </datafield>
    <datafield tag="338" ind1=" " ind2=" ">
      <subfield code="a">volume</subfield>
      <subfield code="2">rdacarrier</subfield>
    </datafield>
    <datafield tag="500" ind1=" " ind2=" ">
      <subfield code="a">Includes index.</subfield>
    </datafield>
    <datafield tag="505" ind1="0" ind2=" ">
      <subfield code="a">Introduction -- Swept up -- Camp Obama -- "The super bowl of politics" -- One hundred thousand 1s and 2s -- The weight of the world -- Holding lightning -- 1,781 rooms -- Early states -- Living off the land -- Unity -- Final sprint -- Epilogue.</subfield>
    </datafield>
    <datafield tag="520" ind1=" " ind2=" ">
      <subfield code="a">The thrilling story of Barack Obama's first presidential campaign, and the volunteers and staff inspired by his vision of hope and possibility, that propelled the longshot candidate to become the 44th President of the United States.</subfield>
    </datafield>
    <datafield tag="600" ind1="1" ind2="0">
      <subfield code="a">Obama, Barack.</subfield>
    </datafield>
    <datafield tag="600" ind1="1" ind2="7">
      <subfield code="a">Obama, Barack.</subfield>
      <subfield code="2">fast</subfield>
      <subfield code="0">(OCoLC)fst00348231</subfield>
    </datafield>
    <datafield tag="648" ind1=" " ind2="7">
      <subfield code="a">2000-2099</subfield>
      <subfield code="2">fast</subfield>
    </datafield>
    <datafield tag="650" ind1=" " ind2="0">
      <subfield code="a">Presidents</subfield>
      <subfield code="z">United States</subfield>
      <subfield code="x">Election</subfield>
      <subfield code="y">2008.</subfield>
    </datafield>
    <datafield tag="650" ind1=" " ind2="0">
      <subfield code="a">Political campaigns</subfield>
      <subfield code="z">United States</subfield>
      <subfield code="x">History</subfield>
      <subfield code="y">21st century.</subfield>
    </datafield>
    <datafield tag="650" ind1=" " ind2="7">
      <subfield code="a">Political campaigns.</subfield>
      <subfield code="2">fast</subfield>
      <subfield code="0">(OCoLC)fst01069212</subfield>
    </datafield>
    <datafield tag="650" ind1=" " ind2="7">
      <subfield code="a">Presidents</subfield>
      <subfield code="x">Election.</subfield>
      <subfield code="2">fast</subfield>
      <subfield code="0">(OCoLC)fst01075747</subfield>
    </datafield>
    <datafield tag="651" ind1=" " ind2="7">
      <subfield code="a">United States.</subfield>
      <subfield code="2">fast</subfield>
      <subfield code="0">(OCoLC)fst01204155</subfield>
    </datafield>
    <datafield tag="655" ind1=" " ind2="7">
      <subfield code="a">History.</subfield>
      <subfield code="2">fast</subfield>
      <subfield code="0">(OCoLC)fst01411628</subfield>
    </datafield>
    <datafield tag="945" ind1=" " ind2="1">
      <subfield code="i">39074031857683</subfield>
      <subfield code="k">MAIN</subfield>
      <subfield code="l">newbooks</subfield>
      <subfield code="a">JK526 2008</subfield>
      <subfield code="b">.L54 2020</subfield>
      <subfield code="z">090</subfield>
    </datafield>
    <datafield tag="979" ind1=" " ind2=" ">
      <subfield code="a">on1134538534</subfield>
    </datafield>
    <datafield tag="997" ind1=" " ind2=" ">
      <subfield code="a">20201009</subfield>
      <subfield code="d">TEU</subfield>
      <subfield code="s">COUTTS-SR</subfield>
    </datafield>
    <datafield tag="ADM" ind1=" " ind2=" ">
      <subfield code="b">2020-10-12 17:04:18</subfield>
      <subfield code="e">on1134538534</subfield>
      <subfield code="d">COUTTS</subfield>
      <subfield code="f">20200413122717.0</subfield>
      <subfield code="a">2020-08-20 19:07:47</subfield>
      <subfield code="c">false</subfield>
    </datafield>
    <datafield tag="HLD" ind1="0" ind2=" ">
      <subfield code="b">MAIN</subfield>
      <subfield code="c">stacks</subfield>
      <subfield code="h">JK526 2008</subfield>
      <subfield code="i">.L54 2020</subfield>
      <subfield code="8">22536596300003811</subfield>
      <subfield code="updated">2020-10-15 20:01:21</subfield>
      <subfield code="created">2020-10-15 20:01:21</subfield>
    </datafield>
    <datafield tag="ITM" ind1=" " ind2=" ">
      <subfield code="r">22536596300003811</subfield>
      <subfield code="b">1</subfield>
      <subfield code="h">0</subfield>
      <subfield code="g">stacks</subfield>
      <subfield code="t">BOOK</subfield>
      <subfield code="9">39074031857683</subfield>
      <subfield code="e">stacks</subfield>
      <subfield code="l">0</subfield>
      <subfield code="8">23529915250003811</subfield>
      <subfield code="a">0</subfield>
      <subfield code="i">JK526 2008 .L54 2020</subfield>
      <subfield code="updated">2020-10-21 16:04:56</subfield>
      <subfield code="q">2020-08-20 19:11:28</subfield>
      <subfield code="d">MAIN</subfield>
      <subfield code="f">MAIN</subfield>
    </datafield>
  </record>