
  <record>
    <leader>02979cam a2200589Ma 4500</leader>
    <controlfield tag="005">20200228044713.6</controlfield>
    <controlfield tag="006">m     o  d        </controlfield>
    <controlfield tag="007">cr |||||||||||</controlfield>
    <controlfield tag="008">120418s2010    nyua   fob    001 0 eng d</controlfield>
    <controlfield tag="001">991037384835203811</controlfield>
    <datafield tag="019" ind1=" " ind2=" ">
      <subfield code="a">1087335754</subfield>
    </datafield>
    <datafield tag="020" ind1=" " ind2=" ">
      <subfield code="a">0199944164</subfield>
      <subfield code="q">(ebook)</subfield>
    </datafield>
    <datafield tag="020" ind1=" " ind2=" ">
      <subfield code="a">9780199944163</subfield>
      <subfield code="q">(ebook)</subfield>
    </datafield>
    <datafield tag="020" ind1=" " ind2=" ">
      <subfield code="a">9780199744466</subfield>
      <subfield code="q">(hardback ;</subfield>
      <subfield code="q">alk. paper)</subfield>
    </datafield>
    <datafield tag="020" ind1=" " ind2=" ">
      <subfield code="a">0199744467</subfield>
    </datafield>
    <datafield tag="035" ind1=" " ind2=" ">
      <subfield code="a">(OCoLC)794925399</subfield>
      <subfield code="z">(OCoLC)1087335754</subfield>
    </datafield>
    <datafield tag="035" ind1=" " ind2=" ">
      <subfield code="a">(OCoLC)ocn794925399</subfield>
    </datafield>
    <datafield tag="040" ind1=" " ind2=" ">
      <subfield code="a">StDuBDS</subfield>
      <subfield code="b">eng</subfield>
      <subfield code="e">pn</subfield>
      <subfield code="c">UAB</subfield>
      <subfield code="d">OCLCQ</subfield>
      <subfield code="d">DKDLA</subfield>
      <subfield code="d">YDXCP</subfield>
      <subfield code="d">OCLCF</subfield>
      <subfield code="d">OCLCO</subfield>
      <subfield code="d">OCL</subfield>
      <subfield code="d">IDEBK</subfield>
      <subfield code="d">OCLCQ</subfield>
      <subfield code="d">OCL</subfield>
      <subfield code="d">OCLCQ</subfield>
      <subfield code="d">UKOUP</subfield>
      <subfield code="d">OCLCQ</subfield>
      <subfield code="d">CSAIL</subfield>
      <subfield code="d">LHU</subfield>
      <subfield code="d">OCLCO</subfield>
      <subfield code="d">YOU</subfield>
      <subfield code="d">W2U</subfield>
      <subfield code="d">OCLCQ</subfield>
      <subfield code="d">OCLCO</subfield>
    </datafield>
    <datafield tag="043" ind1=" " ind2=" ">
      <subfield code="a">n-us---</subfield>
    </datafield>
    <datafield tag="049" ind1=" " ind2=" ">
      <subfield code="a">TEUU</subfield>
    </datafield>
    <datafield tag="050" ind1=" " ind2="4">
      <subfield code="a">E906</subfield>
      <subfield code="b">.A44 2010</subfield>
    </datafield>
    <datafield tag="082" ind1="0" ind2="4">
      <subfield code="a">324.9730931</subfield>
      <subfield code="2">23</subfield>
    </datafield>
    <datafield tag="100" ind1="1" ind2=" ">
      <subfield code="a">Alexander, Jeffrey C.,</subfield>
      <subfield code="d">1947-</subfield>
    </datafield>
    <datafield tag="245" ind1="1" ind2="4">
      <subfield code="a">The performance of politics :</subfield>
      <subfield code="b">Obama's victory and the democratic struggle for power /</subfield>
      <subfield code="c">Jeffrey C. Alexander.</subfield>
    </datafield>
    <datafield tag="260" ind1=" " ind2=" ">
      <subfield code="a">New York ;</subfield>
      <subfield code="a">Oxford :</subfield>
      <subfield code="b">Oxford University Press,</subfield>
      <subfield code="c">2010.</subfield>
    </datafield>
    <datafield tag="300" ind1=" " ind2=" ">
      <subfield code="a">1 online resource (xiv, 364 pages) :</subfield>
      <subfield code="b">illustrations</subfield>
    </datafield>
    <datafield tag="336" ind1=" " ind2=" ">
      <subfield code="a">text</subfield>
      <subfield code="b">txt</subfield>
      <subfield code="2">rdacontent</subfield>
    </datafield>
    <datafield tag="337" ind1=" " ind2=" ">
      <subfield code="a">computer</subfield>
      <subfield code="b">c</subfield>
      <subfield code="2">rdamedia</subfield>
    </datafield>
    <datafield tag="338" ind1=" " ind2=" ">
      <subfield code="a">online resource</subfield>
      <subfield code="b">cr</subfield>
      <subfield code="2">rdacarrier</subfield>
    </datafield>
    <datafield tag="504" ind1=" " ind2=" ">
      <subfield code="a">Includes bibliographical references and index.</subfield>
    </datafield>
    <datafield tag="520" ind1="8" ind2=" ">
      <subfield code="a">This text develops a new way of looking at democratic struggles for big time power by explaining and analysing the 2008 presidential campaign in the United States.</subfield>
    </datafield>
    <datafield tag="588" ind1="0" ind2=" ">
      <subfield code="a">Print version record.</subfield>
    </datafield>
    <datafield tag="505" ind1="0" ind2=" ">
      <subfield code="a">PREFACE; PROLOGUE; 1. Power, Performance and Representation; 1. CIVIL SPHERE AND PUBLIC DRAMA; 2. BECOMING A COLLECTIVE REPRESENTATION; 3. SPIRIT OF THE GROUND GAME; 2. Heroes, Binaries and Boundaries; 1. IMAGINING HEROES; 5. WORKING THE BINARIES; 6. WALKING THE BOUNDARIES; 7. CELEBRITY METAPHOR; 3. Victory and Defeat; 7. CELEBRITY METAPHOR; 8. PALIN EFFECT; 9. FINANCIAL CRISIS; EPILOGUE; NOTE ON CONCEPT AND METHOD; APPENDIX; ENDNOTES; INDEX.</subfield>
    </datafield>
    <datafield tag="590" ind1=" " ind2=" ">
      <subfield code="a">Oxford University Press</subfield>
      <subfield code="b">Oxford Scholarship Online</subfield>
    </datafield>
    <datafield tag="590" ind1=" " ind2=" ">
      <subfield code="a">Access is available to the Temple Community through use of a networked computer with a Temple IP address.</subfield>
    </datafield>
    <datafield tag="600" ind1="1" ind2="0">
      <subfield code="a">Obama, Barack.</subfield>
    </datafield>
    <datafield tag="600" ind1="1" ind2="7">
      <subfield code="a">Obama, Barack.</subfield>
      <subfield code="2">fast</subfield>
      <subfield code="0">(OCoLC)fst00348231</subfield>
    </datafield>
    <datafield tag="650" ind1=" " ind2="0">
      <subfield code="a">Presidents</subfield>
      <subfield code="z">United States</subfield>
      <subfield code="x">Election</subfield>
      <subfield code="y">2008.</subfield>
    </datafield>
    <datafield tag="651" ind1=" " ind2="0">
      <subfield code="a">United States</subfield>
      <subfield code="x">Politics and government</subfield>
      <subfield code="y">2001-2009.</subfield>
    </datafield>
    <datafield tag="650" ind1=" " ind2="7">
      <subfield code="a">Politics and government</subfield>
      <subfield code="2">fast</subfield>
      <subfield code="0">(OCoLC)fst01919741</subfield>
    </datafield>
    <datafield tag="650" ind1=" " ind2="7">
      <subfield code="a">Presidents</subfield>
      <subfield code="x">Election.</subfield>
      <subfield code="2">fast</subfield>
      <subfield code="0">(OCoLC)fst01075747</subfield>
    </datafield>
    <datafield tag="651" ind1=" " ind2="7">
      <subfield code="a">United States.</subfield>
      <subfield code="2">fast</subfield>
      <subfield code="0">(OCoLC)fst01204155</subfield>
    </datafield>
    <datafield tag="648" ind1=" " ind2="7">
      <subfield code="a">2001-2009</subfield>
      <subfield code="2">fast</subfield>
    </datafield>
    <datafield tag="776" ind1="0" ind2="8">
      <subfield code="i">Print version</subfield>
      <subfield code="z">9780199744466</subfield>
    </datafield>
    <datafield tag="856" ind1="4" ind2="0">
      <subfield code="u">http://libproxy.temple.edu/login?url=https://www.oxfordscholarship.com/view/10.1093/acprof:oso/9780199744466.001.0001/acprof-9780199744466</subfield>
    </datafield>
    <datafield tag="902" ind1=" " ind2=" ">
      <subfield code="a">Oxford Scholarship Online</subfield>
    </datafield>
    <datafield tag="979" ind1=" " ind2=" ">
      <subfield code="a">ocn794925399</subfield>
    </datafield>
    <datafield tag="ADM" ind1=" " ind2=" ">
      <subfield code="b">2020-09-09 00:42:20</subfield>
      <subfield code="e">ocn794925399</subfield>
      <subfield code="d">OCLC</subfield>
      <subfield code="f">20200805074329.6</subfield>
      <subfield code="a">2020-01-28 17:22:17</subfield>
      <subfield code="c">false</subfield>
    </datafield>
    <datafield tag="PRT" ind1=" " ind2=" ">
      <subfield code="updated">2020-08-06 02:26:41</subfield>
      <subfield code="i">61482029980003811</subfield>
      <subfield code="c">Oxford Scholarship Online</subfield>
      <subfield code="created">2020-01-28 17:23:14</subfield>
      <subfield code="j">62482029970003811</subfield>
      <subfield code="a">53493614200003811</subfield>
      <subfield code="b">https://sandbox01-na.alma.exlibrisgroup.com/view/uresolver/01TULI_INST/openurl?u.ignore_date_coverage=true&amp;rft.mms_id=991037384835203811</subfield>
      <subfield code="9">Available</subfield>
      <subfield code="8">53493614200003811</subfield>
    </datafield>
  </record>