
  <record>
    <leader>04870cam a2200469 a 4500</leader>
    <controlfield tag="005">20190715091852.0</controlfield>
    <controlfield tag="008">120619s2012    nyuabf   b    001 0 eng  </controlfield>
    <controlfield tag="001">991001210209703811</controlfield>
    <datafield tag="010" ind1=" " ind2=" ">
      <subfield code="a">2012371924</subfield>
    </datafield>
    <datafield tag="020" ind1=" " ind2=" ">
      <subfield code="a">9780307718020</subfield>
    </datafield>
    <datafield tag="020" ind1=" " ind2=" ">
      <subfield code="a">0307718026</subfield>
    </datafield>
    <datafield tag="020" ind1=" " ind2=" ">
      <subfield code="z">9780307718044</subfield>
      <subfield code="q">ebook</subfield>
    </datafield>
    <datafield tag="020" ind1=" " ind2=" ">
      <subfield code="z">0307718042</subfield>
      <subfield code="q">ebook</subfield>
    </datafield>
    <datafield tag="035" ind1=" " ind2=" ">
      <subfield code="a">(PPT)b55545506-01tuli_inst</subfield>
    </datafield>
    <datafield tag="035" ind1=" " ind2=" ">
      <subfield code="a">(OCoLC)753624820</subfield>
    </datafield>
    <datafield tag="040" ind1=" " ind2=" ">
      <subfield code="a">DLC</subfield>
      <subfield code="b">eng</subfield>
      <subfield code="c">DLC</subfield>
      <subfield code="d">BTCTA</subfield>
      <subfield code="d">BDX</subfield>
      <subfield code="d">UKMGB</subfield>
      <subfield code="d">CXP</subfield>
      <subfield code="d">YDXCP</subfield>
      <subfield code="d">CO2</subfield>
      <subfield code="d">CPL</subfield>
      <subfield code="d">UPZ</subfield>
      <subfield code="d">BWX</subfield>
      <subfield code="d">CDX</subfield>
      <subfield code="d">VP@</subfield>
      <subfield code="d">IAD</subfield>
      <subfield code="d">A7U</subfield>
      <subfield code="d">OCLCQ</subfield>
      <subfield code="d">ZCU</subfield>
      <subfield code="d">OCLCF</subfield>
    </datafield>
    <datafield tag="042" ind1=" " ind2=" ">
      <subfield code="a">pcc</subfield>
    </datafield>
    <datafield tag="043" ind1=" " ind2=" ">
      <subfield code="a">n-us---</subfield>
    </datafield>
    <datafield tag="050" ind1="0" ind2="0">
      <subfield code="a">E907</subfield>
      <subfield code="b">.S26 2012</subfield>
    </datafield>
    <datafield tag="090" ind1=" " ind2=" ">
      <subfield code="a">E907</subfield>
      <subfield code="b">.S26 2012</subfield>
    </datafield>
    <datafield tag="100" ind1="1" ind2=" ">
      <subfield code="a">Sanger, David E.</subfield>
      <subfield code="0">http://id.loc.gov/authorities/names/no2001029454</subfield>
    </datafield>
    <datafield tag="245" ind1="1" ind2="0">
      <subfield code="a">Confront and conceal :</subfield>
      <subfield code="b">Obama's secret wars and surprising use of American power /</subfield>
      <subfield code="c">David E. Sanger.</subfield>
    </datafield>
    <datafield tag="250" ind1=" " ind2=" ">
      <subfield code="a">First edition.</subfield>
    </datafield>
    <datafield tag="264" ind1=" " ind2="1">
      <subfield code="a">New York :</subfield>
      <subfield code="b">Crown Publishers,</subfield>
      <subfield code="c">2012.</subfield>
    </datafield>
    <datafield tag="300" ind1=" " ind2=" ">
      <subfield code="a">xx, 476 pages, 8 unnumbered pages of plates :</subfield>
      <subfield code="b">color illustrations, maps ;</subfield>
      <subfield code="c">25 cm</subfield>
    </datafield>
    <datafield tag="336" ind1=" " ind2=" ">
      <subfield code="a">text</subfield>
      <subfield code="b">txt</subfield>
      <subfield code="2">rdacontent</subfield>
    </datafield>
    <datafield tag="337" ind1=" " ind2=" ">
      <subfield code="a">unmediated</subfield>
      <subfield code="b">n</subfield>
      <subfield code="2">rdamedia</subfield>
    </datafield>
    <datafield tag="338" ind1=" " ind2=" ">
      <subfield code="a">volume</subfield>
      <subfield code="b">nc</subfield>
      <subfield code="2">rdacarrier</subfield>
    </datafield>
    <datafield tag="504" ind1=" " ind2=" ">
      <subfield code="a">Includes bibliographical references (pages [437]-463) and index.</subfield>
    </datafield>
    <datafield tag="505" ind1="0" ind2=" ">
      <subfield code="a">Afghanistan and Pakistan: the curse of unfinished business -- Iran: the zone of immunity -- Drones and cyber: the remote-control war -- Arab spring: the revolts, and the rise of the brotherhood -- China and North Korea: the rebalancing.</subfield>
    </datafield>
    <datafield tag="520" ind1=" " ind2=" ">
      <subfield code="a">Inside the White House Situation Room, the newly elected Barack Obama immerses himself in the details of a remarkable new American capability to launch cyberwar against Iran--and escalates covert operations to delay the day when the mullahs could obtain a nuclear weapon. Over the next three years Obama accelerates drone attacks as an alternative to putting troops on the ground in Pakistan, and becomes increasingly reliant on the Special Forces, whose hunting of al-Qaeda illuminates the path out of an unwinnable war in Afghanistan. Confront and Conceal provides readers with a picture of an administration that came to office with the world on fire. It takes them into the Situation Room debate over how to undermine Iran's program while simultaneously trying to prevent Israel from taking military action that could plunge the region into another war. It dissects how the bin Laden raid worsened the dysfunctional relationship with Pakistan. And it traces how Obama's early idealism about fighting "a war of necessity" in Afghanistan quickly turned to fatigue and frustration. One of the most trusted and acclaimed national security correspondents in the country, David Sanger of the New York Times takes readers deep inside the Obama administration's most perilous decisions: The president dispatches an emergency search team to the Gulf when the White House briefly fears the Taliban may have obtained the Bomb, but he rejects a plan in late 2011 to send in Special Forces to recover a stealth drone that went down in Iran. Obama overrules his advisers and takes the riskiest path in killing Osama bin Laden, and ignores their advice when he helps oust Hosni Mubarak from the presidency of Egypt. "The surprise is his aggressiveness," a key ambassador who works closely with Obama reports. Yet the president has also pivoted American foreign policy away from the attritional wars of the past decade, attempting to preserve America's influence with a lighter, defter touch--all while focusing on a new era of diplomacy in Asia and reconfiguring America's role during a time of economic turmoil and austerity. As the world seeks to understand whether there is an Obama Doctrine, Confront and Conceal is a fascinating, unflinching account of these complex years, in which the president and his administration have found themselves struggling to stay ahead in a world where power is diffuse and America's ability to exert control grows ever more elusive.</subfield>
    </datafield>
    <datafield tag="520" ind1=" " ind2=" ">
      <subfield code="a">Examines Obama's aggressive use of innovative weapons and new tools of American power to manage a rapidly shifting world of global threats and challenges.</subfield>
    </datafield>
    <datafield tag="650" ind1="2" ind2="7">
      <subfield code="a">Politics and government.</subfield>
      <subfield code="2">fast</subfield>
      <subfield code="0">http://id.worldcat.org/fast/1919741</subfield>
    </datafield>
    <datafield tag="650" ind1="2" ind2="7">
      <subfield code="a">International relations.</subfield>
      <subfield code="2">fast</subfield>
      <subfield code="0">http://id.worldcat.org/fast/977053</subfield>
    </datafield>
    <datafield tag="650" ind1="2" ind2="7">
      <subfield code="a">Military policy.</subfield>
      <subfield code="2">fast</subfield>
      <subfield code="0">http://id.worldcat.org/fast/1021386</subfield>
    </datafield>
    <datafield tag="650" ind1="2" ind2="7">
      <subfield code="a">Decision making.</subfield>
      <subfield code="2">fast</subfield>
      <subfield code="0">http://id.worldcat.org/fast/889035</subfield>
    </datafield>
    <datafield tag="650" ind1="2" ind2="7">
      <subfield code="a">Command of troops.</subfield>
      <subfield code="2">fast</subfield>
      <subfield code="0">http://id.worldcat.org/fast/869220</subfield>
    </datafield>
    <datafield tag="651" ind1=" " ind2="0">
      <subfield code="a">United States</subfield>
      <subfield code="x">Military policy</subfield>
      <subfield code="x">Decision making.</subfield>
      <subfield code="0">http://id.loc.gov/authorities/subjects/sh85140379</subfield>
      <subfield code="0">http://id.loc.gov/authorities/subjects/sh99005493</subfield>
    </datafield>
    <datafield tag="651" ind1=" " ind2="0">
      <subfield code="a">United States</subfield>
      <subfield code="x">Foreign relations</subfield>
      <subfield code="y">2009-2017.</subfield>
      <subfield code="0">http://id.loc.gov/authorities/subjects/sh2009000190</subfield>
    </datafield>
    <datafield tag="651" ind1=" " ind2="0">
      <subfield code="a">United States</subfield>
      <subfield code="x">Politics and government</subfield>
      <subfield code="y">2009-2017.</subfield>
      <subfield code="0">http://id.loc.gov/authorities/subjects/sh2009003409</subfield>
    </datafield>
    <datafield tag="651" ind1="1" ind2="7">
      <subfield code="a">United States.</subfield>
      <subfield code="2">fast</subfield>
      <subfield code="0">http://id.worldcat.org/fast/1204155</subfield>
    </datafield>
    <datafield tag="600" ind1="1" ind2="0">
      <subfield code="a">Obama, Barack</subfield>
      <subfield code="0">http://id.loc.gov/authorities/names/n94112934</subfield>
      <subfield code="x">Military leadership.</subfield>
      <subfield code="0">http://id.loc.gov/authorities/subjects/sh00005827</subfield>
    </datafield>
    <datafield tag="600" ind1="1" ind2="7">
      <subfield code="a">Obama, Barack.</subfield>
      <subfield code="2">fast</subfield>
      <subfield code="0">http://id.worldcat.org/fast/348231</subfield>
    </datafield>
    <datafield tag="648" ind1=" " ind2="7">
      <subfield code="a">2009-2017.</subfield>
      <subfield code="2">fast</subfield>
    </datafield>
    <datafield tag="902" ind1=" " ind2=" ">
      <subfield code="a">MARCIVE-BF 20190703</subfield>
    </datafield>
    <datafield tag="904" ind1=" " ind2=" ">
      <subfield code="a">MARCIVE 20200629</subfield>
    </datafield>
    <datafield tag="907" ind1=" " ind2=" ">
      <subfield code="a">.b55545506</subfield>
      <subfield code="b">jt   </subfield>
      <subfield code="c">-</subfield>
    </datafield>
    <datafield tag="945" ind1=" " ind2=" ">
      <subfield code="l">jtcas</subfield>
      <subfield code="g">1</subfield>
    </datafield>
    <datafield tag="998" ind1=" " ind2=" ">
      <subfield code="b">0</subfield>
      <subfield code="c">140127</subfield>
      <subfield code="d">m</subfield>
      <subfield code="e">a</subfield>
      <subfield code="f">-</subfield>
      <subfield code="g">0</subfield>
    </datafield>
    <datafield tag="ADM" ind1=" " ind2=" ">
      <subfield code="b">2020-09-08 20:13:33</subfield>
      <subfield code="e">b55545506-01tuli_inst</subfield>
      <subfield code="d">MARCIVE</subfield>
      <subfield code="f">20190607173334.0</subfield>
      <subfield code="a">2017-06-20 14:48:00</subfield>
      <subfield code="c">false</subfield>
    </datafield>
    <datafield tag="HLD" ind1="0" ind2=" ">
      <subfield code="b">JAPAN</subfield>
      <subfield code="c">stacks</subfield>
      <subfield code="h">E907</subfield>
      <subfield code="i">.S26 2012</subfield>
      <subfield code="8">22334119400003811</subfield>
      <subfield code="created">2017-06-20 14:48:00</subfield>
    </datafield>
    <datafield tag="ITM" ind1=" " ind2=" ">
      <subfield code="r">22334119400003811</subfield>
      <subfield code="b">1</subfield>
      <subfield code="h">0</subfield>
      <subfield code="g">stacks</subfield>
      <subfield code="t">BOOK</subfield>
      <subfield code="9">31982070453800</subfield>
      <subfield code="e">stacks</subfield>
      <subfield code="8">23334119390003811</subfield>
      <subfield code="a">0</subfield>
      <subfield code="i">E907 .S26 2012</subfield>
      <subfield code="updated">2017-06-20 14:48:31</subfield>
      <subfield code="q">2017-06-20 14:48:00</subfield>
      <subfield code="d">JAPAN</subfield>
      <subfield code="f">JAPAN</subfield>
    </datafield>
  </record>