
  <record>
    <leader>05207cam a22005294a 4500</leader>
    <controlfield tag="001">991036731784603811</controlfield>
    <controlfield tag="005">20201020023435.0</controlfield>
    <controlfield tag="006">m     o  d        </controlfield>
    <controlfield tag="008">100601s2010    dcu     o      00 0 eng d</controlfield>
    <datafield tag="010" ind1=" " ind2=" ">
      <subfield code="z">  2010022943</subfield>
    </datafield>
    <datafield tag="020" ind1=" " ind2=" ">
      <subfield code="a">0-87003-298-4</subfield>
    </datafield>
    <datafield tag="035" ind1=" " ind2=" ">
      <subfield code="a">(CKB)2550000001064517</subfield>
    </datafield>
    <datafield tag="035" ind1=" " ind2=" ">
      <subfield code="a">(EBL)1219122</subfield>
    </datafield>
    <datafield tag="035" ind1=" " ind2=" ">
      <subfield code="a">(OCoLC)852757168</subfield>
    </datafield>
    <datafield tag="035" ind1=" " ind2=" ">
      <subfield code="a">(MiAaPQ)EBC1219122</subfield>
    </datafield>
    <datafield tag="035" ind1=" " ind2=" ">
      <subfield code="a">(OCoLC)851417600</subfield>
    </datafield>
    <datafield tag="035" ind1=" " ind2=" ">
      <subfield code="a">(MdBmJHUP)muse35882</subfield>
    </datafield>
    <datafield tag="035" ind1=" " ind2=" ">
      <subfield code="a">(EXLCZ)992550000001064517</subfield>
    </datafield>
    <datafield tag="040" ind1=" " ind2=" ">
      <subfield code="a">MdBmJHUP</subfield>
      <subfield code="c">MdBmJHUP</subfield>
    </datafield>
    <datafield tag="041" ind1="1" ind2=" ">
      <subfield code="a">eng</subfield>
      <subfield code="h">rus</subfield>
    </datafield>
    <datafield tag="043" ind1=" " ind2=" ">
      <subfield code="a">e------</subfield>
      <subfield code="a">e-ru---</subfield>
      <subfield code="a">n-us---</subfield>
    </datafield>
    <datafield tag="050" ind1="0" ind2="0">
      <subfield code="a">DK510.764</subfield>
      <subfield code="b">.S54513 2010</subfield>
    </datafield>
    <datafield tag="082" ind1="0" ind2="0">
      <subfield code="a">330.9470009</subfield>
      <subfield code="a">330.9470009/049</subfield>
    </datafield>
    <datafield tag="100" ind1="1" ind2=" ">
      <subfield code="a">Shevt&#x361;sova, Lilii&#x361;a,</subfield>
      <subfield code="d">1951-</subfield>
    </datafield>
    <datafield tag="245" ind1="1" ind2="0">
      <subfield code="a">Lonely Power</subfield>
      <subfield code="h">[electronic resource] :</subfield>
      <subfield code="b">Why Russia Has Failed to Become the West and the West is Weary of Russia /</subfield>
      <subfield code="c">Lilia Shevtsova.</subfield>
    </datafield>
    <datafield tag="260" ind1=" " ind2=" ">
      <subfield code="a">Washington, D.C. :</subfield>
      <subfield code="b">Carnegie Endowment for International Peace,</subfield>
      <subfield code="c">2010.</subfield>
    </datafield>
    <datafield tag="300" ind1=" " ind2=" ">
      <subfield code="a">1 online resource (381 p.)</subfield>
    </datafield>
    <datafield tag="336" ind1=" " ind2=" ">
      <subfield code="a">text</subfield>
      <subfield code="b">txt</subfield>
      <subfield code="2">rdacontent</subfield>
    </datafield>
    <datafield tag="337" ind1=" " ind2=" ">
      <subfield code="a">computer</subfield>
      <subfield code="b">c</subfield>
      <subfield code="2">rdamedia</subfield>
    </datafield>
    <datafield tag="338" ind1=" " ind2=" ">
      <subfield code="a">online resource</subfield>
      <subfield code="b">cr</subfield>
      <subfield code="2">rdacarrier</subfield>
    </datafield>
    <datafield tag="500" ind1=" " ind2=" ">
      <subfield code="a">Description based upon print version of record.</subfield>
    </datafield>
    <datafield tag="505" ind1="0" ind2=" ">
      <subfield code="a">""Front cover""; ""Contents""; ""Letter to the Reader""; ""Ch. 1 Introduction""; ""Ch. 2 Collapse of the USSR: The West Caught Unawares""; ""Ch. 3 The West Regards Yeltsin Warily""; ""Ch. 4 Help or Wait?""; ""Ch. 5 Clinton Turns the West Around""; ""Ch. 6 Help Our Friend Boris at Any Cost""; ""Ch. 7 Europe Also Helps""; ""Ch. 8 Washington's Dictate or Moscow's""; ""Ch. 9 Moments of Truth for Russia""; ""Ch. 10 Western Disillusionment in Russia and Republican Attacks on Democrats in the United States""; ""Ch. 11 The Donors Could Not Resist Temptation""</subfield>
    </datafield>
    <datafield tag="505" ind1="8" ind2=" ">
      <subfield code="a">""Ch. 12 The Results of the 1990's: Who Is to Blame?"" ""Ch. 13 The Arrival of Putin and His Western Project""; ""Ch. 14 Hopes that Once Again Did Not Come to Pass""; ""Ch. 15 With the West and Against the West""; ""Ch. 16 Altruism and Pragmatism""; ""Ch. 17 Where Western Money Goes""; ""Ch. 18 The Medvedev-Putin Tandem Being Tested by Foreign Policy""; ""Ch. 19 The War in the Caucasus and What It Says About Russia""; ""Ch. 20 The Kremlin Starts Rebuilding Bridges With the West""; ""Ch. 21 How to Force the West to Work for Russia""</subfield>
    </datafield>
    <datafield tag="505" ind1="8" ind2=" ">
      <subfield code="a">""Ch. 22 The Valdai Club, or the Kremlin and Western Commentators"" ""Ch. 23 And Now for the Major Victories""; ""Ch. 24 How Russia Was Humiliated""; ""Ch. 25 Is There Reason to Take Offense?""; ""Ch. 26 On the ""Center of Power,"" ""De-Sovereignization,"" and Other Things""; ""Ch. 27 America the Model, America the Excuse""; ""Ch. 28 Who Derailed Modernization?""; ""Ch. 29 How to Combine the Incompatible, and Who Are ""We""?""; ""Ch. 30 The Trial of NATO and Kosovo""; ""Ch. 31 Does NATO Threaten Russia?""; ""Ch. 32 What Other Nastiness Does the West Have in Store for Russia?""</subfield>
    </datafield>
    <datafield tag="505" ind1="8" ind2=" ">
      <subfield code="a">""Ch. 33 Why Moscow Needed the Balkans"" ""Ch. 34 Ukraine As Milestone""; ""Ch. 35 Where Is the Way Out?""; ""Ch. 36 Let's Make a Deal!""; ""Ch. 37 Let's Count Warheads""; ""Ch. 38 What Separates Russia and the West?""; ""Ch. 39 What it Would Be Better Not to Do""; ""Ch. 40 Western ""Protectors""""; ""Ch. 41 How Serious Westerners Perceive Russia""; ""Ch. 42 On Interests and Values, and the Extent to Which the ""Realists"" Make a Convincing Case""; ""Ch. 43 How ""Old"" Europe Abandoned Its Mission""; ""Ch. 44 Why Russian Human Rights Advocates Are Dissatisfied""</subfield>
    </datafield>
    <datafield tag="505" ind1="8" ind2=" ">
      <subfield code="a">""Ch. 45 A Reconsideration Has Begun"" ""Ch. 46 How ""New"" Europe is Trying to Revive the European Mission""; ""Ch. 47 European Society Is Starting to Say What It Thinks""; ""Ch. 48 Kissinger Vs. Brzezinski""; ""Ch. 49 How Useful Is the League of Democracies and How Probably Is the Global Authoritarian Revanche?""; ""Ch. 50 The Obama Factor and the Idea of a ""Reset Button""""; ""Ch. 51 What Do We Mean by the ""Right Direction"" for U.S. Policy Toward Russia?""; ""Ch. 52 How We Were Taught A Lesson""; ""Ch. 53 Obama in Moscow and the Aftermath""</subfield>
    </datafield>
    <datafield tag="505" ind1="8" ind2=" ">
      <subfield code="a">""Ch. 54 The Russian Understanding of  ""Reset""""</subfield>
    </datafield>
    <datafield tag="520" ind1=" " ind2=" ">
      <subfield code="a">Adapted from the Russian edition, this book analyzes the dominant stereotypes and myths that formed during the Putin presidency and that continue to hamper our understanding of Russia's current situation. Author Lilia Shevtsova explains the origins of such political clich's as Russia is not mature enough for democracy;? Capitalism first, and democracy will follow;? The humiliation of Russia by the West is the key cause of their soured relationship;? Arms talks between Russia and the United States will help to reset the relationship. Shevtsova argues that an anti-mythology campaign is needed to...</subfield>
    </datafield>
    <datafield tag="504" ind1=" " ind2=" ">
      <subfield code="a">Includes bibliographical references and index.</subfield>
    </datafield>
    <datafield tag="588" ind1=" " ind2=" ">
      <subfield code="a">Description based on print version record.</subfield>
    </datafield>
    <datafield tag="651" ind1=" " ind2="0">
      <subfield code="a">Western countries</subfield>
      <subfield code="x">Relations</subfield>
      <subfield code="z">Russia (Federation)</subfield>
    </datafield>
    <datafield tag="651" ind1=" " ind2="0">
      <subfield code="a">Russia (Federation)</subfield>
      <subfield code="x">Relations</subfield>
      <subfield code="z">Western countries.</subfield>
    </datafield>
    <datafield tag="651" ind1=" " ind2="0">
      <subfield code="a">Russia (Federation)</subfield>
      <subfield code="x">Politics and government</subfield>
      <subfield code="y">1991-</subfield>
    </datafield>
    <datafield tag="651" ind1=" " ind2="0">
      <subfield code="a">Russia (Federation)</subfield>
      <subfield code="x">Foreign relations.</subfield>
    </datafield>
    <datafield tag="655" ind1=" " ind2="4">
      <subfield code="a">Electronic books.</subfield>
    </datafield>
    <datafield tag="776" ind1="0" ind2=" ">
      <subfield code="z">0-87003-247-X</subfield>
    </datafield>
    <datafield tag="776" ind1="0" ind2=" ">
      <subfield code="z">1-299-67784-3</subfield>
    </datafield>
    <datafield tag="906" ind1=" " ind2=" ">
      <subfield code="a">BOOK</subfield>
    </datafield>
    <datafield tag="ADM" ind1=" " ind2=" ">
      <subfield code="b">2020-10-22 23:24:39</subfield>
      <subfield code="e">992550000001064517</subfield>
      <subfield code="d">NON_SFX</subfield>
      <subfield code="f">20151012013756.0</subfield>
      <subfield code="a">2013-07-20 17:21:11</subfield>
      <subfield code="c">false</subfield>
    </datafield>
    <datafield tag="PRT" ind1=" " ind2=" ">
      <subfield code="i">61424582650003811</subfield>
      <subfield code="updated">2018-04-26 17:28:38</subfield>
      <subfield code="e">Ebook Central</subfield>
      <subfield code="c">Ebook Central University Press</subfield>
      <subfield code="created">2018-04-26 17:28:14</subfield>
      <subfield code="j">62424582640003811</subfield>
      <subfield code="a">53424777710003811</subfield>
      <subfield code="b">https://sandbox01-na.alma.exlibrisgroup.com/view/uresolver/01TULI_INST/openurl?u.ignore_date_coverage=true&amp;rft.mms_id=991036731784603811</subfield>
      <subfield code="9">Available</subfield>
      <subfield code="h">614330000000000093</subfield>
      <subfield code="8">53424777710003811</subfield>
    </datafield>
    <datafield tag="PRT" ind1=" " ind2=" ">
      <subfield code="i">61404537130003811</subfield>
      <subfield code="updated">2017-12-18 19:38:03</subfield>
      <subfield code="e">EBSCOhost</subfield>
      <subfield code="c">eBook Business Collection</subfield>
      <subfield code="created">2017-12-18 19:37:27</subfield>
      <subfield code="j">62404537120003811</subfield>
      <subfield code="a">53405867260003811</subfield>
      <subfield code="b">https://sandbox01-na.alma.exlibrisgroup.com/view/uresolver/01TULI_INST/openurl?u.ignore_date_coverage=true&amp;rft.mms_id=991036731784603811</subfield>
      <subfield code="9">Available</subfield>
      <subfield code="h">613790000000001579</subfield>
      <subfield code="8">53405867260003811</subfield>
    </datafield>
    <datafield tag="PRT" ind1=" " ind2=" ">
      <subfield code="i">61419889170003811</subfield>
      <subfield code="updated">2018-04-19 02:42:28</subfield>
      <subfield code="e">Ebook Central</subfield>
      <subfield code="c">Ebook Central Academic Complete</subfield>
      <subfield code="created">2018-04-19 02:41:45</subfield>
      <subfield code="j">62419889160003811</subfield>
      <subfield code="a">53422332900003811</subfield>
      <subfield code="b">https://sandbox01-na.alma.exlibrisgroup.com/view/uresolver/01TULI_INST/openurl?u.ignore_date_coverage=true&amp;rft.mms_id=991036731784603811</subfield>
      <subfield code="9">Available</subfield>
      <subfield code="h">614200000000000002</subfield>
      <subfield code="8">53422332900003811</subfield>
    </datafield>
    <datafield tag="PRT" ind1=" " ind2=" ">
      <subfield code="i">61408370980003811</subfield>
      <subfield code="updated">2018-01-23 21:20:09</subfield>
      <subfield code="e">JSTOR</subfield>
      <subfield code="c">JSTOR Books EBA Pilot</subfield>
      <subfield code="created">2018-01-23 21:19:21</subfield>
      <subfield code="j">62408370970003811</subfield>
      <subfield code="a">53408809950003811</subfield>
      <subfield code="b">https://sandbox01-na.alma.exlibrisgroup.com/view/uresolver/01TULI_INST/openurl?u.ignore_date_coverage=true&amp;rft.mms_id=991036731784603811</subfield>
      <subfield code="9">Available</subfield>
      <subfield code="h">613810000000000259</subfield>
      <subfield code="8">53408809950003811</subfield>
    </datafield>
    <datafield tag="PRT" ind1=" " ind2=" ">
      <subfield code="i">61391921830003811</subfield>
      <subfield code="updated">2017-07-08 09:53:38</subfield>
      <subfield code="e">EBSCOhost</subfield>
      <subfield code="c">EBSCOhost Academic eBook Collection (North America)</subfield>
      <subfield code="created">2017-07-08 09:52:58</subfield>
      <subfield code="j">62391921820003811</subfield>
      <subfield code="a">53394711620003811</subfield>
      <subfield code="b">https://sandbox01-na.alma.exlibrisgroup.com/view/uresolver/01TULI_INST/openurl?u.ignore_date_coverage=true&amp;rft.mms_id=991036731784603811</subfield>
      <subfield code="9">Available</subfield>
      <subfield code="h">613640000000000029</subfield>
      <subfield code="8">53394711620003811</subfield>
    </datafield>
  </record>