
  <record>
    <leader>02879ngm a2200481Ia 4500</leader>
    <controlfield tag="005">20121202151047.0</controlfield>
    <controlfield tag="006">m|||||o||c||||||||</controlfield>
    <controlfield tag="007">vz|czazuu</controlfield>
    <controlfield tag="007">cr|cnannnuuuuu</controlfield>
    <controlfield tag="008">121202s2011||||nyu148||||||||o|||vleng|d</controlfield>
    <controlfield tag="001">991037488140603811</controlfield>
    <datafield tag="028" ind1="4" ind2="0">
      <subfield code="a">49138s</subfield>
      <subfield code="b">Infobase</subfield>
    </datafield>
    <datafield tag="028" ind1="4" ind2="0">
      <subfield code="a">49163</subfield>
      <subfield code="b">Infobase</subfield>
    </datafield>
    <datafield tag="035" ind1=" " ind2=" ">
      <subfield code="a">100049163</subfield>
    </datafield>
    <datafield tag="035" ind1=" " ind2=" ">
      <subfield code="a">(OCoLC)819784171</subfield>
    </datafield>
    <datafield tag="035" ind1=" " ind2=" ">
      <subfield code="a">(FOD)100049163</subfield>
    </datafield>
    <datafield tag="040" ind1=" " ind2=" ">
      <subfield code="a">AzPhAEM</subfield>
    </datafield>
    <datafield tag="245" ind1="0" ind2="0">
      <subfield code="a">Great Speeches.</subfield>
      <subfield code="n">Volume 25,</subfield>
      <subfield code="p">Barack Obama, Sarah Palin, Arlen Specter, Nancy Pelosi, John Boehner, and Richard Nixon</subfield>
      <subfield code="h">[electronic resource (video)] /</subfield>
      <subfield code="c">Educational Video Group.</subfield>
    </datafield>
    <datafield tag="260" ind1="3" ind2=" ">
      <subfield code="a">New York, N.Y. :</subfield>
      <subfield code="b">Infobase,</subfield>
      <subfield code="c">[2012], c2011</subfield>
    </datafield>
    <datafield tag="300" ind1=" " ind2=" ">
      <subfield code="a">1 streaming video file (148 min.) :</subfield>
      <subfield code="b">sd., col, digital file.</subfield>
    </datafield>
    <datafield tag="490" ind1="1" ind2=" ">
      <subfield code="a">Great Speeches Series</subfield>
    </datafield>
    <datafield tag="500" ind1=" " ind2=" ">
      <subfield code="a">Encoded with permission for digital streaming by Infobase on August 10, 2012.</subfield>
    </datafield>
    <datafield tag="500" ind1=" " ind2=" ">
      <subfield code="a">Films on Demand is distributed by Infobase for Films for the Humanities &amp; Sciences, Cambridge Educational, Meridian Education, and Shopware.</subfield>
    </datafield>
    <datafield tag="505" ind1="0" ind2=" ">
      <subfield code="a">Abrasive Political Rhetoric (3:05) -- President Obama's Eulogy for Rep. Gabrielle Giffords (32:06) -- Sarah Palin: Background and Accomplishments (2:55) -- Sarah Palin: Ronald Reagan Dinner, 2010 (32:55) -- Arlen Specter: Background and Accomplishments (2:59) -- Arlen Specter's Farewell Address (26:54) -- Speakers of the House: Nancy Pelosi &amp; John Boehner (2:42) -- Speaker of the House, Nancy Pelosi (12:03) -- Speaker of the House: John Boehner (10:34) -- Richard M. Nixon: Political Accomplishments (2:37) -- Richard M. Nixon's Second Inaugural Address (16:19)</subfield>
    </datafield>
    <datafield tag="506" ind1=" " ind2=" ">
      <subfield code="a">Access requires authentication through Films on Demand.</subfield>
    </datafield>
    <datafield tag="520" ind1=" " ind2=" ">
      <subfield code="a">This volume features six vital speeches: Barack Obama's Tucson shooting memorial address; Sarah Palin's 2010 Reagan dinner address; Arlen Specter's farewell address; Nancy Pelosi's "Turning Over the Gavel" speech; John Boehner's speech upon becoming speaker of the House; and Richard Nixon's second inaugural address.</subfield>
    </datafield>
    <datafield tag="521" ind1="2" ind2=" ">
      <subfield code="a">6 &amp; up.</subfield>
    </datafield>
    <datafield tag="538" ind1=" " ind2=" ">
      <subfield code="a">Mode of access: Internet.</subfield>
    </datafield>
    <datafield tag="538" ind1=" " ind2=" ">
      <subfield code="a">System requirements: FOD playback platform.</subfield>
    </datafield>
    <datafield tag="588" ind1=" " ind2=" ">
      <subfield code="a">Title from distributor's description.</subfield>
    </datafield>
    <datafield tag="590" ind1=" " ind2=" ">
      <subfield code="a">Access is available to the Temple Community through use of a networked computer with a Temple IP address.</subfield>
    </datafield>
    <datafield tag="650" ind1=" " ind2="0">
      <subfield code="a">Communication.</subfield>
    </datafield>
    <datafield tag="650" ind1=" " ind2="0">
      <subfield code="a">Interpersonal communication.</subfield>
    </datafield>
    <datafield tag="650" ind1=" " ind2="0">
      <subfield code="a">Political participation.</subfield>
    </datafield>
    <datafield tag="650" ind1=" " ind2="0">
      <subfield code="a">Public speaking.</subfield>
    </datafield>
    <datafield tag="651" ind1=" " ind2="0">
      <subfield code="a">United States</subfield>
      <subfield code="x">History.</subfield>
    </datafield>
    <datafield tag="655" ind1=" " ind2="0">
      <subfield code="a">Educational films.</subfield>
    </datafield>
    <datafield tag="655" ind1=" " ind2="0">
      <subfield code="a">Internet videos.</subfield>
    </datafield>
    <datafield tag="655" ind1=" " ind2="7">
      <subfield code="a">Videorecording.</subfield>
      <subfield code="2">local</subfield>
    </datafield>
    <datafield tag="655" ind1=" " ind2="0">
      <subfield code="a">Streaming video.</subfield>
    </datafield>
    <datafield tag="710" ind1="2" ind2=" ">
      <subfield code="a">Films for the Humanities &amp; Sciences (Firm)</subfield>
    </datafield>
    <datafield tag="710" ind1="2" ind2=" ">
      <subfield code="a">Infobase.</subfield>
    </datafield>
    <datafield tag="830" ind1=" " ind2="0">
      <subfield code="a">Great Speeches Series.</subfield>
    </datafield>
    <datafield tag="856" ind1="4" ind2="0">
      <subfield code="z">Part of the Films on Demand collection.</subfield>
      <subfield code="u">http://libproxy.temple.edu/login?url=https://fod.infobase.com/PortalPlaylists.aspx?wID=103640&amp;xtid=49163</subfield>
    </datafield>
    <datafield tag="856" ind1="4" ind2="2">
      <subfield code="z">Cover image</subfield>
      <subfield code="u">https://cdnsecakmi.kaltura.com/p/1067292/sp/106729200/thumbnail/entry_id/0_zax95u80/version/100001/width/88</subfield>
    </datafield>
    <datafield tag="902" ind1=" " ind2=" ">
      <subfield code="a">Films on Demand (Record Refresh) 20200409</subfield>
    </datafield>
    <datafield tag="979" ind1=" " ind2=" ">
      <subfield code="a">100049163</subfield>
    </datafield>
    <datafield tag="ADM" ind1=" " ind2=" ">
      <subfield code="b">2020-06-24 14:55:51</subfield>
      <subfield code="e">100049163</subfield>
      <subfield code="d">OTHER</subfield>
      <subfield code="f">20121202151047.0</subfield>
      <subfield code="a">2020-04-10 02:37:50</subfield>
      <subfield code="c">false</subfield>
    </datafield>
    <datafield tag="PRT" ind1=" " ind2=" ">
      <subfield code="updated">2020-04-10 02:38:08</subfield>
      <subfield code="i">61371278300003811</subfield>
      <subfield code="c">Films on Demand Streaming Video</subfield>
      <subfield code="created">2020-04-10 02:38:03</subfield>
      <subfield code="j">62402467020003811</subfield>
      <subfield code="a">53511388170003811</subfield>
      <subfield code="b">https://sandbox01-na.alma.exlibrisgroup.com/view/uresolver/01TULI_INST/openurl?u.ignore_date_coverage=true&amp;rft.mms_id=991037488140603811</subfield>
      <subfield code="9">Available</subfield>
      <subfield code="8">53511388170003811</subfield>
    </datafield>
  </record>