
  <record>
    <leader>01154nam  2200313Ia 4500</leader>
    <controlfield tag="001">991036856104103811</controlfield>
    <controlfield tag="005">20170816131632.0</controlfield>
    <controlfield tag="006">m     o  d |      </controlfield>
    <controlfield tag="007">cr -n---------</controlfield>
    <controlfield tag="008">120711s2012    dcu     ob    001 0deng d</controlfield>
    <datafield tag="010" ind1=" " ind2=" ">
      <subfield code="z">  2012028237</subfield>
    </datafield>
    <datafield tag="020" ind1=" " ind2=" ">
      <subfield code="a">1-62157-016-9</subfield>
    </datafield>
    <datafield tag="035" ind1=" " ind2=" ">
      <subfield code="a">(CKB)2670000000246076</subfield>
    </datafield>
    <datafield tag="035" ind1=" " ind2=" ">
      <subfield code="a">(EBL)952869</subfield>
    </datafield>
    <datafield tag="035" ind1=" " ind2=" ">
      <subfield code="a">(OCoLC)818858202</subfield>
    </datafield>
    <datafield tag="035" ind1=" " ind2=" ">
      <subfield code="a">(SSID)ssj0000720426</subfield>
    </datafield>
    <datafield tag="035" ind1=" " ind2=" ">
      <subfield code="a">(PQKBManifestationID)12313355</subfield>
    </datafield>
    <datafield tag="035" ind1=" " ind2=" ">
      <subfield code="a">(PQKBTitleCode)TC0000720426</subfield>
    </datafield>
    <datafield tag="035" ind1=" " ind2=" ">
      <subfield code="a">(PQKBWorkID)10669334</subfield>
    </datafield>
    <datafield tag="035" ind1=" " ind2=" ">
      <subfield code="a">(PQKB)11468989</subfield>
    </datafield>
    <datafield tag="035" ind1=" " ind2=" ">
      <subfield code="a">(MiAaPQ)EBC952869</subfield>
    </datafield>
    <datafield tag="035" ind1=" " ind2=" ">
      <subfield code="a">(EXLCZ)992670000000246076</subfield>
    </datafield>
    <datafield tag="040" ind1=" " ind2=" ">
      <subfield code="a">MiAaPQ</subfield>
      <subfield code="c">MiAaPQ</subfield>
      <subfield code="d">MiAaPQ</subfield>
    </datafield>
    <datafield tag="041" ind1=" " ind2=" ">
      <subfield code="a">eng</subfield>
    </datafield>
    <datafield tag="050" ind1=" " ind2="4">
      <subfield code="a">JK275</subfield>
      <subfield code="b">.O34 2012</subfield>
    </datafield>
    <datafield tag="082" ind1="0" ind2="0">
      <subfield code="a">973.932092</subfield>
    </datafield>
    <datafield tag="100" ind1="1" ind2=" ">
      <subfield code="a">Obenshain, Kate.</subfield>
    </datafield>
    <datafield tag="245" ind1="1" ind2="0">
      <subfield code="a">Divider-in-chief</subfield>
      <subfield code="h">[electronic resource] :</subfield>
      <subfield code="b">the fraud of hope and change /</subfield>
      <subfield code="c">Kate Obenshain.</subfield>
    </datafield>
    <datafield tag="260" ind1=" " ind2=" ">
      <subfield code="a">Washington, DC :</subfield>
      <subfield code="b">Regnery Pub. ;</subfield>
      <subfield code="a">New York :</subfield>
      <subfield code="b">Distributed to the trade by Perseus Distribution,</subfield>
      <subfield code="c">c2012.</subfield>
    </datafield>
    <datafield tag="300" ind1=" " ind2=" ">
      <subfield code="a">1 online resource (273 p.)</subfield>
    </datafield>
    <datafield tag="336" ind1=" " ind2=" ">
      <subfield code="a">text</subfield>
      <subfield code="b">txt</subfield>
    </datafield>
    <datafield tag="337" ind1=" " ind2=" ">
      <subfield code="a">computer</subfield>
      <subfield code="b">c</subfield>
    </datafield>
    <datafield tag="338" ind1=" " ind2=" ">
      <subfield code="a">online resource</subfield>
      <subfield code="b">cr</subfield>
    </datafield>
    <datafield tag="500" ind1=" " ind2=" ">
      <subfield code="a">Description based upon print version of record.</subfield>
    </datafield>
    <datafield tag="505" ind1="0" ind2=" ">
      <subfield code="a">Contents; Introduction: The Divisive President; 1. The Community Organizer President; 2. The Blame-Shifter-in-Chief; 3. Spiking the Football; 4. The Out-of-Touch President; 5. Obama's Crass Class Warfare; 6. Obama's Socialism and Crony Capitalism versus the Middle Class; 7. Obama's Generational Theft; 8. The Deceit and Division of Obamacare and the ""War on Women""; 9. Obama Condescends to Women; 10. Obama Ignores Real Women's Rights Issues Abroad; 11. Obama Divides Catholics; 12. Obama Attacks Religious Freedom; 13. Obama's Politicized Faith</subfield>
    </datafield>
    <datafield tag="505" ind1="8" ind2=" ">
      <subfield code="a">14. Abandoning the Faithful: How Obama Ignores Religious Persecution Abroad15. The Post-American President; 16. Obama's Islamophilia; 17. Obama Divides Americans over Israel; 18. Playing the Hispanic Card; 19. Obama's Divisive Justice Department; 20. Obama's Destructive Race-Baiting; 21. Obama Bullies the Media; 22. The Imperial Presidency; Acknowledgments; Notes; Index</subfield>
    </datafield>
    <datafield tag="520" ind1=" " ind2=" ">
      <subfield code="a">When Barack Obama ran for president four years ago, he promised hope and change for America and to unite the country.  But as Kate Obenshain reveals in The Divisive President, Obama has done exactly the opposite-as a result, America has become a nation of even greater polarization, the land of no compromise, and the home of disillusionment.Obenshain exposes: In The Divisive PresidentHow Obama ran as a champion for the downtrodden, yet the unemployment rate is disproportionately high among minorities and womenHow Obama pushes for the HHS mandate, f</subfield>
    </datafield>
    <datafield tag="546" ind1=" " ind2=" ">
      <subfield code="a">English</subfield>
    </datafield>
    <datafield tag="504" ind1=" " ind2=" ">
      <subfield code="a">Includes bibliographical references (p. 221-254) and index.</subfield>
    </datafield>
    <datafield tag="600" ind1="1" ind2="0">
      <subfield code="a">Obama, Barack.</subfield>
    </datafield>
    <datafield tag="650" ind1=" " ind2="0">
      <subfield code="a">Presidents</subfield>
      <subfield code="z">United States.</subfield>
    </datafield>
    <datafield tag="651" ind1=" " ind2="0">
      <subfield code="a">United States</subfield>
      <subfield code="x">Politics and government</subfield>
      <subfield code="y">2009-</subfield>
    </datafield>
    <datafield tag="655" ind1=" " ind2="4">
      <subfield code="a">Electronic books.</subfield>
    </datafield>
    <datafield tag="776" ind1=" " ind2=" ">
      <subfield code="z">1-322-53823-9</subfield>
    </datafield>
    <datafield tag="776" ind1=" " ind2=" ">
      <subfield code="z">1-62157-011-8</subfield>
    </datafield>
    <datafield tag="906" ind1=" " ind2=" ">
      <subfield code="a">BOOK</subfield>
    </datafield>
    <datafield tag="ADM" ind1=" " ind2=" ">
      <subfield code="b">2018-11-30 04:01:23</subfield>
      <subfield code="e">2670000000246076</subfield>
      <subfield code="d">EBC</subfield>
      <subfield code="a">2012-10-21 07:18:18</subfield>
      <subfield code="c">false</subfield>
    </datafield>
    <datafield tag="PRT" ind1=" " ind2=" ">
      <subfield code="updated">2018-03-18 05:47:01</subfield>
      <subfield code="i">61406135080003811</subfield>
      <subfield code="e">EBSCOhost</subfield>
      <subfield code="c">EBSCOhost eBook History Collection - North America</subfield>
      <subfield code="created">2017-12-18 21:06:59</subfield>
      <subfield code="j">62406135070003811</subfield>
      <subfield code="a">53406374880003811</subfield>
      <subfield code="b">https://sandbox01-na.alma.exlibrisgroup.com/view/uresolver/01TULI_INST/openurl?u.ignore_date_coverage=true&amp;rft.mms_id=991036856104103811</subfield>
      <subfield code="9">Available</subfield>
      <subfield code="h">613790000000001582</subfield>
      <subfield code="8">53406374880003811</subfield>
    </datafield>
  </record>