
  <record>
    <leader>02792ngm a22005411i 4500</leader>
    <controlfield tag="005">20170607031547.0</controlfield>
    <controlfield tag="006">m|||||o||c||||||||</controlfield>
    <controlfield tag="007">vz|czazuu</controlfield>
    <controlfield tag="007">cr|cna</controlfield>
    <controlfield tag="008">170717p20152014nyu012||||||||o|||vleng|d</controlfield>
    <controlfield tag="001">991037490605703811</controlfield>
    <datafield tag="028" ind1="4" ind2="0">
      <subfield code="a">93732</subfield>
      <subfield code="b">Infobase</subfield>
    </datafield>
    <datafield tag="028" ind1="4" ind2="0">
      <subfield code="a">93731s</subfield>
      <subfield code="b">Infobase</subfield>
    </datafield>
    <datafield tag="035" ind1=" " ind2=" ">
      <subfield code="a">100093732</subfield>
    </datafield>
    <datafield tag="035" ind1=" " ind2=" ">
      <subfield code="a">(OCoLC)994688165</subfield>
    </datafield>
    <datafield tag="035" ind1=" " ind2=" ">
      <subfield code="a">(FOD)100093732</subfield>
    </datafield>
    <datafield tag="040" ind1=" " ind2=" ">
      <subfield code="a">AzPhAEM</subfield>
      <subfield code="b">eng</subfield>
      <subfield code="e">rda</subfield>
    </datafield>
    <datafield tag="041" ind1="0" ind2=" ">
      <subfield code="a">eng</subfield>
      <subfield code="j">eng</subfield>
      <subfield code="h">eng</subfield>
    </datafield>
    <datafield tag="046" ind1=" " ind2=" ">
      <subfield code="k">2014</subfield>
    </datafield>
    <datafield tag="245" ind1="0" ind2="0">
      <subfield code="a">White House PR Strategy :</subfield>
      <subfield code="c">Reason Foundation.</subfield>
    </datafield>
    <datafield tag="264" ind1=" " ind2="1">
      <subfield code="a">[Place of publication not identified] : </subfield>
      <subfield code="b">Reason Foundation, </subfield>
      <subfield code="c">[2014]</subfield>
    </datafield>
    <datafield tag="264" ind1="3" ind2="2">
      <subfield code="a">New York, N.Y. :</subfield>
      <subfield code="b">Distributed by Infobase, </subfield>
      <subfield code="c">2015.</subfield>
    </datafield>
    <datafield tag="264" ind1=" " ind2="4">
      <subfield code="c">&#xA9;2014</subfield>
    </datafield>
    <datafield tag="300" ind1=" " ind2=" ">
      <subfield code="a">1 online resource (1 video file (11 min., 42 sec.)) :</subfield>
      <subfield code="b">sound, color.</subfield>
    </datafield>
    <datafield tag="336" ind1=" " ind2=" ">
      <subfield code="a">two-dimensional moving image</subfield>
      <subfield code="b">tdi</subfield>
      <subfield code="2">rdacontent</subfield>
    </datafield>
    <datafield tag="337" ind1=" " ind2=" ">
      <subfield code="a">computer</subfield>
      <subfield code="b">c</subfield>
      <subfield code="2">rdamedia</subfield>
    </datafield>
    <datafield tag="338" ind1=" " ind2=" ">
      <subfield code="a">online resource</subfield>
      <subfield code="b">cr</subfield>
      <subfield code="2">rdacarrier</subfield>
    </datafield>
    <datafield tag="347" ind1=" " ind2=" ">
      <subfield code="a">video file</subfield>
      <subfield code="2">rda</subfield>
    </datafield>
    <datafield tag="490" ind1="1" ind2=" ">
      <subfield code="a">Reality Show President: Bagnewsnotes' Michael Shaw on President Obama's PR Strategy</subfield>
    </datafield>
    <datafield tag="500" ind1=" " ind2=" ">
      <subfield code="a">Originally released by Reason Foundation, 2014.</subfield>
    </datafield>
    <datafield tag="500" ind1=" " ind2=" ">
      <subfield code="a">Streaming video file encoded with permission for digital streaming by Infobase on July 01, 2015.</subfield>
    </datafield>
    <datafield tag="505" ind1="0" ind2="0">
      <subfield code="a">Creating an Identity</subfield>
      <subfield code="g">(3:39) --</subfield>
      <subfield code="t">Personal Photographer</subfield>
      <subfield code="g">(2:53) --</subfield>
      <subfield code="t">Press Excluded</subfield>
      <subfield code="g">(2:29) --</subfield>
      <subfield code="t">Improving Press Relations</subfield>
      <subfield code="g">(2:04)</subfield>
    </datafield>
    <datafield tag="506" ind1="1" ind2=" ">
      <subfield code="a">Access requires authentication through Films on Demand.</subfield>
    </datafield>
    <datafield tag="520" ind1=" " ind2=" ">
      <subfield code="a">In this short film, Bagnewsnotes publisher Michael Shaw explains how the Obama administration distributes its own imagery while often preventing the independent media from getting the same access as White House staff photographers. Strategically composed photos, taken by official White House photographers, travel from social media sites that are controlled by the administration to the front pages of newspapers around the world. "The White House has effectively become a broadcast company," says Shaw. A Reason TV production.</subfield>
    </datafield>
    <datafield tag="521" ind1="2" ind2=" ">
      <subfield code="a">9 &amp; up.</subfield>
    </datafield>
    <datafield tag="538" ind1=" " ind2=" ">
      <subfield code="a">Streaming video file.</subfield>
    </datafield>
    <datafield tag="538" ind1=" " ind2=" ">
      <subfield code="a">System requirements: FOD playback platform.</subfield>
    </datafield>
    <datafield tag="546" ind1=" " ind2=" ">
      <subfield code="a">Closed-captioned.</subfield>
    </datafield>
    <datafield tag="588" ind1=" " ind2=" ">
      <subfield code="a">Title from distributor's description (Infobase, April 17, 2017)</subfield>
    </datafield>
    <datafield tag="590" ind1=" " ind2=" ">
      <subfield code="a">Access is available to the Temple Community through use of a networked computer with a Temple IP address.</subfield>
    </datafield>
    <datafield tag="600" ind1="1" ind2="0">
      <subfield code="a">Obama, Barack.</subfield>
    </datafield>
    <datafield tag="650" ind1=" " ind2="0">
      <subfield code="a">Public relations and politics.</subfield>
    </datafield>
    <datafield tag="650" ind1=" " ind2="0">
      <subfield code="a">Reality television programs</subfield>
    </datafield>
    <datafield tag="655" ind1=" " ind2="0">
      <subfield code="a">Internet videos.</subfield>
      <subfield code="2">lcgft</subfield>
    </datafield>
    <datafield tag="655" ind1=" " ind2="0">
      <subfield code="a">Streaming video.</subfield>
    </datafield>
    <datafield tag="710" ind1="2" ind2=" ">
      <subfield code="a">Infobase,</subfield>
      <subfield code="e">film distributor.</subfield>
    </datafield>
    <datafield tag="710" ind1="2" ind2=" ">
      <subfield code="a">Reason Foundation</subfield>
    </datafield>
    <datafield tag="830" ind1=" " ind2="0">
      <subfield code="a">Reality show president.</subfield>
    </datafield>
    <datafield tag="856" ind1="4" ind2="0">
      <subfield code="z">Part of the Films on Demand collection.</subfield>
      <subfield code="u">http://libproxy.temple.edu/login?url=https://fod.infobase.com/PortalPlaylists.aspx?wID=103640&amp;xtid=93732</subfield>
    </datafield>
    <datafield tag="856" ind1="4" ind2="2">
      <subfield code="z">Cover image</subfield>
      <subfield code="u">https://cdnsecakmi.kaltura.com/p/1067292/sp/106729200/thumbnail/entry_id/0_zmorfljb/version/100001/acv/171/width/88</subfield>
    </datafield>
    <datafield tag="902" ind1=" " ind2=" ">
      <subfield code="a">Films on Demand (Record Refresh) 20200409</subfield>
    </datafield>
    <datafield tag="979" ind1=" " ind2=" ">
      <subfield code="a">100093732</subfield>
    </datafield>
    <datafield tag="ADM" ind1=" " ind2=" ">
      <subfield code="b">2020-04-10 09:18:35</subfield>
      <subfield code="e">100093732</subfield>
      <subfield code="d">OTHER</subfield>
      <subfield code="f">20170607031547.0</subfield>
      <subfield code="a">2020-04-10 02:48:00</subfield>
      <subfield code="c">false</subfield>
    </datafield>
    <datafield tag="PRT" ind1=" " ind2=" ">
      <subfield code="updated">2020-04-10 02:48:17</subfield>
      <subfield code="i">61371278300003811</subfield>
      <subfield code="c">Films on Demand Streaming Video</subfield>
      <subfield code="created">2020-04-10 02:48:12</subfield>
      <subfield code="j">62402467020003811</subfield>
      <subfield code="a">53512230550003811</subfield>
      <subfield code="b">https://sandbox01-na.alma.exlibrisgroup.com/view/uresolver/01TULI_INST/openurl?u.ignore_date_coverage=true&amp;rft.mms_id=991037490605703811</subfield>
      <subfield code="9">Available</subfield>
      <subfield code="8">53512230550003811</subfield>
    </datafield>
  </record>