
  <record>
    <leader>04666cam a2200481Ii 4500</leader>
    <controlfield tag="005">20200122152927.0</controlfield>
    <controlfield tag="008">190913t20192019onc           001 0aeng d</controlfield>
    <controlfield tag="001">991037327992303811</controlfield>
    <datafield tag="020" ind1=" " ind2=" ">
      <subfield code="a">9781335917836</subfield>
      <subfield code="q">(hardcover)</subfield>
    </datafield>
    <datafield tag="020" ind1=" " ind2=" ">
      <subfield code="a">1335917837</subfield>
      <subfield code="q">(hardcover)</subfield>
    </datafield>
    <datafield tag="035" ind1=" " ind2=" ">
      <subfield code="a">(OCoLC)1121660567</subfield>
    </datafield>
    <datafield tag="040" ind1=" " ind2=" ">
      <subfield code="a">LMJ</subfield>
      <subfield code="b">eng</subfield>
      <subfield code="e">rda</subfield>
      <subfield code="c">LMJ</subfield>
      <subfield code="d">ZQP</subfield>
      <subfield code="d">SNR</subfield>
      <subfield code="d">BDX</subfield>
      <subfield code="d">IK2</subfield>
      <subfield code="d">ON8</subfield>
      <subfield code="d">VAX</subfield>
      <subfield code="d">TCH</subfield>
      <subfield code="d">UAP</subfield>
      <subfield code="d">OCLCF</subfield>
      <subfield code="d">PSC</subfield>
      <subfield code="d">BUR</subfield>
      <subfield code="d">VP@</subfield>
      <subfield code="d">EAU</subfield>
      <subfield code="d">OCLCA</subfield>
      <subfield code="d">OCLCQ</subfield>
      <subfield code="d">OCLCO</subfield>
    </datafield>
    <datafield tag="050" ind1="1" ind2="4">
      <subfield code="a">E901.1.J43</subfield>
      <subfield code="b">A3 2019</subfield>
    </datafield>
    <datafield tag="082" ind1="0" ind2="4">
      <subfield code="a">324.092</subfield>
      <subfield code="a">B223</subfield>
    </datafield>
    <datafield tag="100" ind1="1" ind2=" ">
      <subfield code="a">Jean-Pierre, Karine,</subfield>
      <subfield code="d">1974-</subfield>
      <subfield code="0">http://id.loc.gov/authorities/names/no2019162295</subfield>
      <subfield code="e">author.</subfield>
    </datafield>
    <datafield tag="245" ind1="1" ind2="0">
      <subfield code="a">Moving forward :</subfield>
      <subfield code="b">a story of hope, hard work, and the promise of America /</subfield>
      <subfield code="c">Karine Jean-Pierre.</subfield>
    </datafield>
    <datafield tag="246" ind1="3" ind2="0">
      <subfield code="a">Story of hope, hard work, and the promise of America</subfield>
    </datafield>
    <datafield tag="264" ind1=" " ind2="1">
      <subfield code="a">Toronto, Ontario, Canada :</subfield>
      <subfield code="b">Hanover Square Press,</subfield>
      <subfield code="c">[2019]</subfield>
    </datafield>
    <datafield tag="264" ind1=" " ind2="4">
      <subfield code="c">&#xA9;2019</subfield>
    </datafield>
    <datafield tag="300" ind1=" " ind2=" ">
      <subfield code="a">288 pages ;</subfield>
      <subfield code="c">24 cm</subfield>
    </datafield>
    <datafield tag="336" ind1=" " ind2=" ">
      <subfield code="a">text</subfield>
      <subfield code="b">txt</subfield>
      <subfield code="2">rdacontent</subfield>
    </datafield>
    <datafield tag="337" ind1=" " ind2=" ">
      <subfield code="a">unmediated</subfield>
      <subfield code="b">n</subfield>
      <subfield code="2">rdamedia</subfield>
    </datafield>
    <datafield tag="338" ind1=" " ind2=" ">
      <subfield code="a">volume</subfield>
      <subfield code="b">nc</subfield>
      <subfield code="2">rdacarrier</subfield>
    </datafield>
    <datafield tag="500" ind1=" " ind2=" ">
      <subfield code="a">Includes index.</subfield>
    </datafield>
    <datafield tag="505" ind1="0" ind2=" ">
      <subfield code="a">Introduction: Coming to America -- My story -- Karine Jean-Pierre: environmentalist -- Haiti, here I come -- How I got into politics -- Sometimes politics means leaving home -- Flawed candidates--they are everywhere -- Barack Obama -- Not all roads lead to Washington, DC -- And the winner is...Donald Trump -- What I'm fighting for--and how we can win -- Resources: Political basics and the media maze.</subfield>
    </datafield>
    <datafield tag="520" ind1=" " ind2=" ">
      <subfield code="a">"'If your idea of political power is a bunch of old seen-it-all cynics playing an inside game, Moving Forward will inspire you to believe every voice has the potential to be a mighty force for good. The poignantly honest story of Karine Jean-Pierre's journey proves that despite formidable obstacles and profound disappointments, a talented new voice can develop the strength and resilience to thrive and become a force for good who serves as a role model for the next generation of leaders. Looking for hope? Looking for inspiration? You'll find them here within this remarkable story.' --Valerie Jarrett, former senior advisor to President Obama. Most political origin stories have the same backbone. A bright young person starts reading the Washington Post in elementary school. She skips school to see a presidential candidate. In middle school she canvasses door-to-door. The story can be intimidating. It reinforces the feeling that politics is a closed system: if you weren't participating in debate club, the Young Democrats and Model UN you have no chance. Karine Jean-Pierre's story breaks the mold. In [this book], she tells how she got involved, showing how politics can be accessible to anyone, no matter their background. In today's political climate, the need for all of us to participate has never been more crucial. This book is her call to arms for those who know that now is the time for us to act. Karine Jean-Pierre's political experience has ranged widely from presidential campaigns to grassroots activism, from local politics to working in the White House. She is now the Chief Public Affairs Officer for MoveOn; a political analyst at MSNBC; and a member of the School of International and Public Affairs (SIPA) at Columbia University faculty, where she teaches a course on campaign management."--Dust jacket.</subfield>
    </datafield>
    <datafield tag="650" ind1=" " ind2="0">
      <subfield code="a">Political consultants</subfield>
      <subfield code="z">United States</subfield>
      <subfield code="v">Biography.</subfield>
      <subfield code="0">http://id.loc.gov/authorities/subjects/sh2008109554</subfield>
    </datafield>
    <datafield tag="650" ind1=" " ind2="0">
      <subfield code="a">Haitian Americans</subfield>
      <subfield code="0">http://id.loc.gov/authorities/subjects/sh85058372</subfield>
      <subfield code="v">Biography.</subfield>
      <subfield code="0">http://id.loc.gov/authorities/subjects/sh99001237</subfield>
    </datafield>
    <datafield tag="650" ind1=" " ind2="7">
      <subfield code="a">Haitian Americans.</subfield>
      <subfield code="2">fast</subfield>
      <subfield code="0">http://id.worldcat.org/fast/950454</subfield>
    </datafield>
    <datafield tag="650" ind1=" " ind2="7">
      <subfield code="a">Friendship.</subfield>
      <subfield code="2">fast</subfield>
      <subfield code="0">http://id.worldcat.org/fast/935174</subfield>
    </datafield>
    <datafield tag="650" ind1=" " ind2="7">
      <subfield code="a">Political consultants.</subfield>
      <subfield code="2">fast</subfield>
      <subfield code="0">http://id.worldcat.org/fast/1069231</subfield>
    </datafield>
    <datafield tag="650" ind1="1" ind2="7">
      <subfield code="a">Haitian Americans.</subfield>
      <subfield code="2">fast</subfield>
      <subfield code="0">http://id.worldcat.org/fast/950454</subfield>
    </datafield>
    <datafield tag="650" ind1="1" ind2="7">
      <subfield code="a">Political consultants.</subfield>
      <subfield code="2">fast</subfield>
      <subfield code="0">http://id.worldcat.org/fast/1069231</subfield>
    </datafield>
    <datafield tag="650" ind1="2" ind2="7">
      <subfield code="a">Friends and associates.</subfield>
      <subfield code="2">fast</subfield>
      <subfield code="0">http://id.worldcat.org/fast/1353140</subfield>
    </datafield>
    <datafield tag="651" ind1=" " ind2="7">
      <subfield code="a">United States.</subfield>
      <subfield code="2">fast</subfield>
      <subfield code="0">http://id.worldcat.org/fast/1204155</subfield>
    </datafield>
    <datafield tag="651" ind1="2" ind2="7">
      <subfield code="a">United States.</subfield>
      <subfield code="2">fast</subfield>
      <subfield code="0">http://id.worldcat.org/fast/1204155</subfield>
    </datafield>
    <datafield tag="655" ind1=" " ind2="7">
      <subfield code="a">Biographies.</subfield>
      <subfield code="2">fast</subfield>
      <subfield code="0">http://id.worldcat.org/fast/1919896</subfield>
    </datafield>
    <datafield tag="655" ind1=" " ind2="7">
      <subfield code="a">Autobiographies.</subfield>
      <subfield code="2">lcgft</subfield>
      <subfield code="0">http://id.loc.gov/authorities/genreForms/gf2014026047</subfield>
    </datafield>
    <datafield tag="655" ind1=" " ind2="7">
      <subfield code="a">Autobiographies.</subfield>
      <subfield code="2">fast</subfield>
      <subfield code="0">http://id.worldcat.org/fast/1919894</subfield>
    </datafield>
    <datafield tag="655" ind1="2" ind2="7">
      <subfield code="a">Biographies.</subfield>
      <subfield code="2">fast</subfield>
      <subfield code="0">http://id.worldcat.org/fast/1919896</subfield>
    </datafield>
    <datafield tag="600" ind1="1" ind2="0">
      <subfield code="a">Jean-Pierre, Karine,</subfield>
      <subfield code="d">1974-</subfield>
      <subfield code="0">http://id.loc.gov/authorities/names/no2019162295</subfield>
    </datafield>
    <datafield tag="600" ind1="1" ind2="0">
      <subfield code="a">Obama, Barack</subfield>
      <subfield code="0">http://id.loc.gov/authorities/names/n94112934</subfield>
      <subfield code="x">Friends and associates.</subfield>
      <subfield code="0">http://id.loc.gov/authorities/subjects/sh00005818</subfield>
    </datafield>
    <datafield tag="600" ind1="1" ind2="7">
      <subfield code="a">Obama, Barack.</subfield>
      <subfield code="2">fast</subfield>
      <subfield code="0">http://id.worldcat.org/fast/348231</subfield>
    </datafield>
    <datafield tag="904" ind1=" " ind2=" ">
      <subfield code="a">MARCIVE 20200629</subfield>
    </datafield>
    <datafield tag="960" ind1=" " ind2=" ">
      <subfield code="k">BLOCKSON</subfield>
      <subfield code="g">MONOGRAPH</subfield>
      <subfield code="l">rarestacks</subfield>
      <subfield code="o">1</subfield>
      <subfield code="q">111419</subfield>
      <subfield code="s">21.73</subfield>
      <subfield code="u">5ablf</subfield>
      <subfield code="v">coutt</subfield>
    </datafield>
    <datafield tag="961" ind1=" " ind2=" ">
      <subfield code="f">acqrat</subfield>
      <subfield code="h">Allow Duplication</subfield>
      <subfield code="i">45890789</subfield>
    </datafield>
    <datafield tag="979" ind1=" " ind2=" ">
      <subfield code="a">(OCoLC)1121660567</subfield>
    </datafield>
    <datafield tag="997" ind1=" " ind2=" ">
      <subfield code="a">20200113141021.0</subfield>
      <subfield code="c">AB</subfield>
      <subfield code="d">TEU</subfield>
      <subfield code="s">OCLC</subfield>
      <subfield code="e">WCAT</subfield>
    </datafield>
    <datafield tag="ADM" ind1=" " ind2=" ">
      <subfield code="b">2020-09-08 23:42:22</subfield>
      <subfield code="e">991037327992303811</subfield>
      <subfield code="d">MARCIVE</subfield>
      <subfield code="f">20200122152927.0</subfield>
      <subfield code="a">2019-11-14 20:21:58</subfield>
      <subfield code="c">false</subfield>
    </datafield>
    <datafield tag="HLD" ind1="0" ind2=" ">
      <subfield code="b">BLOCKSON</subfield>
      <subfield code="c">rarestacks</subfield>
      <subfield code="h">E901.1.J43</subfield>
      <subfield code="i">A3 2019</subfield>
      <subfield code="8">22477379820003811</subfield>
      <subfield code="updated">2020-01-13 19:14:23</subfield>
      <subfield code="created">2019-11-14 20:24:01</subfield>
    </datafield>
    <datafield tag="ITM" ind1=" " ind2=" ">
      <subfield code="r">22477379820003811</subfield>
      <subfield code="b">1</subfield>
      <subfield code="h">0</subfield>
      <subfield code="g">rarestacks</subfield>
      <subfield code="t">BOOK</subfield>
      <subfield code="9">3907402574762</subfield>
      <subfield code="e">rarestacks</subfield>
      <subfield code="8">23477379810003811</subfield>
      <subfield code="j">0</subfield>
      <subfield code="a">3</subfield>
      <subfield code="i">E901.1.J43 A3 2019</subfield>
      <subfield code="updated">2020-01-13 19:14:23</subfield>
      <subfield code="q">2019-11-14 20:24:02</subfield>
      <subfield code="d">BLOCKSON</subfield>
      <subfield code="f">BLOCKSON</subfield>
    </datafield>
  </record>