
  <record>
    <leader>07620cam a2200781 i 4500</leader>
    <controlfield tag="005">20200406135305.0</controlfield>
    <controlfield tag="007">ta</controlfield>
    <controlfield tag="008">140701s2014    nyuabf        001 0aeng d</controlfield>
    <controlfield tag="001">991004011979703811</controlfield>
    <datafield tag="010" ind1=" " ind2=" ">
      <subfield code="a">  2014407811</subfield>
    </datafield>
    <datafield tag="019" ind1=" " ind2=" ">
      <subfield code="a">836206081</subfield>
      <subfield code="a">837140932</subfield>
      <subfield code="a">881509420</subfield>
      <subfield code="a">936059351</subfield>
      <subfield code="a">1002165905</subfield>
    </datafield>
    <datafield tag="020" ind1=" " ind2=" ">
      <subfield code="a">9781476751443</subfield>
      <subfield code="q">(hardcover)</subfield>
    </datafield>
    <datafield tag="020" ind1=" " ind2=" ">
      <subfield code="a">1476751447</subfield>
      <subfield code="q">(hardcover)</subfield>
    </datafield>
    <datafield tag="020" ind1=" " ind2=" ">
      <subfield code="a">1471131505</subfield>
      <subfield code="q">(Cloth)</subfield>
    </datafield>
    <datafield tag="020" ind1=" " ind2=" ">
      <subfield code="a">9781471131509</subfield>
      <subfield code="q">(Cloth)</subfield>
    </datafield>
    <datafield tag="020" ind1=" " ind2=" ">
      <subfield code="a">1471131513</subfield>
      <subfield code="q">(Paper)</subfield>
    </datafield>
    <datafield tag="020" ind1=" " ind2=" ">
      <subfield code="a">9781471131516</subfield>
      <subfield code="q">(Paper)</subfield>
    </datafield>
    <datafield tag="020" ind1=" " ind2=" ">
      <subfield code="z">9781476751450</subfield>
      <subfield code="q">(ebook)</subfield>
    </datafield>
    <datafield tag="035" ind1=" " ind2=" ">
      <subfield code="a">(OCoLC)871358893</subfield>
      <subfield code="z">(OCoLC)836206081</subfield>
      <subfield code="z">(OCoLC)837140932</subfield>
      <subfield code="z">(OCoLC)881509420</subfield>
      <subfield code="z">(OCoLC)936059351</subfield>
      <subfield code="z">(OCoLC)1002165905</subfield>
    </datafield>
    <datafield tag="035" ind1=" " ind2=" ">
      <subfield code="a">(OCoLC)ocn871358893</subfield>
    </datafield>
    <datafield tag="035" ind1=" " ind2=" ">
      <subfield code="a">(PPT)b56412757-01tuli_inst</subfield>
    </datafield>
    <datafield tag="037" ind1=" " ind2=" ">
      <subfield code="a">BRO-adap20140605-153</subfield>
      <subfield code="a">BRO-cust20140610-054</subfield>
    </datafield>
    <datafield tag="040" ind1=" " ind2=" ">
      <subfield code="a">TOH</subfield>
      <subfield code="b">eng</subfield>
      <subfield code="e">rda</subfield>
      <subfield code="c">DLC</subfield>
      <subfield code="d">TOH</subfield>
      <subfield code="d">YDXCP</subfield>
      <subfield code="d">BTCTA</subfield>
      <subfield code="d">GK8</subfield>
      <subfield code="d">UPZ</subfield>
      <subfield code="d">SINLB</subfield>
      <subfield code="d">ZHB</subfield>
      <subfield code="d">IEB</subfield>
      <subfield code="d">JQM</subfield>
      <subfield code="d">OCO</subfield>
      <subfield code="d">VP@</subfield>
      <subfield code="d">LMR</subfield>
      <subfield code="d">JPL</subfield>
      <subfield code="d">IDU</subfield>
      <subfield code="d">IOG</subfield>
      <subfield code="d">KEC</subfield>
      <subfield code="d">OVV</subfield>
      <subfield code="d">NLGGC</subfield>
      <subfield code="d">GTA</subfield>
      <subfield code="d">CNNWL</subfield>
      <subfield code="d">MEAUC</subfield>
      <subfield code="d">CGN</subfield>
      <subfield code="d">OCLCF</subfield>
      <subfield code="d">NKT</subfield>
      <subfield code="d">CDX</subfield>
      <subfield code="d">CTB</subfield>
      <subfield code="d">OCL</subfield>
      <subfield code="d">TAMSA</subfield>
      <subfield code="d">IAK</subfield>
      <subfield code="d">PWS</subfield>
      <subfield code="d">GBVCP</subfield>
      <subfield code="d">OCLCQ</subfield>
      <subfield code="d">OCLCO</subfield>
      <subfield code="d">KOL</subfield>
      <subfield code="d">OCLCQ</subfield>
      <subfield code="d">ISL</subfield>
      <subfield code="d">CHY</subfield>
      <subfield code="d">I8M</subfield>
      <subfield code="d">OMB</subfield>
      <subfield code="d">OCLCQ</subfield>
      <subfield code="d">OCLCO</subfield>
      <subfield code="d">OCLCA</subfield>
      <subfield code="d">GZN</subfield>
      <subfield code="d">OCL</subfield>
      <subfield code="d">MVD</subfield>
      <subfield code="d">SFR</subfield>
      <subfield code="d">TXMAR</subfield>
      <subfield code="d">NTF</subfield>
      <subfield code="d">OCLCQ</subfield>
      <subfield code="d">OCLCO</subfield>
      <subfield code="d">HRF</subfield>
      <subfield code="d">OCLCO</subfield>
      <subfield code="d">TYC</subfield>
      <subfield code="d">OCL</subfield>
      <subfield code="d">OCLCA</subfield>
      <subfield code="d">OCLCQ</subfield>
      <subfield code="d">A7U</subfield>
      <subfield code="d">IOK</subfield>
      <subfield code="d">PBF</subfield>
      <subfield code="d">OCLCQ</subfield>
      <subfield code="d">CEF</subfield>
      <subfield code="d">M4L</subfield>
      <subfield code="d">TKN</subfield>
      <subfield code="d">XZ9</subfield>
      <subfield code="d">RCL</subfield>
      <subfield code="d">NZOPM</subfield>
      <subfield code="d">MUO</subfield>
      <subfield code="d">CSO</subfield>
      <subfield code="d">HCO</subfield>
      <subfield code="d">TXJDC</subfield>
      <subfield code="d">NLMVD</subfield>
      <subfield code="d">FQG</subfield>
      <subfield code="d">CSA</subfield>
      <subfield code="d">SPP</subfield>
      <subfield code="d">CNO</subfield>
      <subfield code="d">NZHWP</subfield>
      <subfield code="d">CRU</subfield>
      <subfield code="d">OCLCQ</subfield>
      <subfield code="d">OCLCO</subfield>
      <subfield code="d">CPO</subfield>
      <subfield code="d">NAM</subfield>
      <subfield code="d">YCP</subfield>
      <subfield code="d">TWJ</subfield>
      <subfield code="d">PAU</subfield>
      <subfield code="d">KF6</subfield>
      <subfield code="d">S#L</subfield>
      <subfield code="d">QE2</subfield>
      <subfield code="d">PEX</subfield>
    </datafield>
    <datafield tag="042" ind1=" " ind2=" ">
      <subfield code="a">lccopycat</subfield>
    </datafield>
    <datafield tag="043" ind1=" " ind2=" ">
      <subfield code="a">n-us---</subfield>
    </datafield>
    <datafield tag="050" ind1="0" ind2="0">
      <subfield code="a">E907</subfield>
      <subfield code="b">.C55 2014</subfield>
    </datafield>
    <datafield tag="079" ind1=" " ind2=" ">
      <subfield code="a">ocn871358893</subfield>
    </datafield>
    <datafield tag="082" ind1="0" ind2="4">
      <subfield code="a">328.73/092</subfield>
      <subfield code="a">B</subfield>
      <subfield code="2">23</subfield>
    </datafield>
    <datafield tag="090" ind1=" " ind2=" ">
      <subfield code="a">E887.C55</subfield>
      <subfield code="b">A3 2014</subfield>
    </datafield>
    <datafield tag="100" ind1="1" ind2=" ">
      <subfield code="a">Clinton, Hillary Rodham,</subfield>
      <subfield code="0">http://id.loc.gov/authorities/names/n93010903</subfield>
      <subfield code="e">author.</subfield>
    </datafield>
    <datafield tag="245" ind1="1" ind2="0">
      <subfield code="a">Hard choices /</subfield>
      <subfield code="c">Hillary Rodham Clinton.</subfield>
    </datafield>
    <datafield tag="250" ind1=" " ind2=" ">
      <subfield code="a">First Simon &amp; Schuster hardcover edition.</subfield>
    </datafield>
    <datafield tag="264" ind1=" " ind2="1">
      <subfield code="a">New York :</subfield>
      <subfield code="b">Simon &amp; Schuster,</subfield>
      <subfield code="c">2014.</subfield>
    </datafield>
    <datafield tag="264" ind1=" " ind2="4">
      <subfield code="c">&#xA9;2014</subfield>
    </datafield>
    <datafield tag="300" ind1=" " ind2=" ">
      <subfield code="a">xii, 635 pages, 48 unnumbered pages of plates :</subfield>
      <subfield code="b">illustrations (chiefly color), maps ;</subfield>
      <subfield code="c">25 cm</subfield>
    </datafield>
    <datafield tag="336" ind1=" " ind2=" ">
      <subfield code="a">text</subfield>
      <subfield code="b">txt</subfield>
      <subfield code="2">rdacontent</subfield>
    </datafield>
    <datafield tag="337" ind1=" " ind2=" ">
      <subfield code="a">unmediated</subfield>
      <subfield code="b">n</subfield>
      <subfield code="2">rdamedia</subfield>
    </datafield>
    <datafield tag="338" ind1=" " ind2=" ">
      <subfield code="a">volume</subfield>
      <subfield code="b">nc</subfield>
      <subfield code="2">rdacarrier</subfield>
    </datafield>
    <datafield tag="340" ind1=" " ind2=" ">
      <subfield code="n">regular print</subfield>
    </datafield>
    <datafield tag="500" ind1=" " ind2=" ">
      <subfield code="a">Includes index.</subfield>
    </datafield>
    <datafield tag="505" ind1="0" ind2=" ">
      <subfield code="a">Part I.A fresh start : 2008: team of rivals -- Foggy bottom: smart power -- Part II. Across the Pacific : Asia: the pivot -- China: uncharted waters -- Beijing: the dissident ; Burma: the lady and the generals -- Part III. War and peace : Af-Pak: surge -- Afghanistan: to end a war -- Pakistan: national honor -- Part IV. Between hope and history : Europe: ties that bind -- Russia: reset and regression -- Latin America: democrats and demagogues -- Africa: guns or growth? -- Part V. Upheaval : The Middle East: the rocky path of peace -- The Arab Spring: revolution -- Libya: all necessary measures -- Benghazi: under attack -- Iran: sanctions and secrets -- Syria: a wicked problem -- Gaza: anatomy of a cease-fire -- Part VI. The future we want : Climate change: we're all in this together -- Jobs and energy: a level playing field -- Haiti: disaster and development -- 21st-century statecraft: digital diplomacy in a networked world -- Human rights: unfinished business -- Epilogue.</subfield>
    </datafield>
    <datafield tag="520" ind1=" " ind2=" ">
      <subfield code="a">Hillary Rodham Clinton's inside account of the crises, choices, and challenges she faced during her four years as America's 67th Secretary of State, and how those experiences drive her view of the future. "All of us face hard choices in our lives," Hillary Rodham Clinton writes at the start of this personal chronicle of years at the center of world events. "Life is about making such choices. Our choices and how we handle them shape the people we become." In the aftermath of her 2008 presidential run, she expected to return to representing New York in the United States Senate. To her surprise, her former rival for the Democratic Party nomination, newly elected President Barack Obama, asked her to serve in his administration as Secretary of State. This memoir is the story of the four extraordinary and historic years that followed, and the hard choices that she and her colleagues confronted. Secretary Clinton and President Obama had to decide how to repair fractured alliances, wind down two wars, and address a global financial crisis. They faced a rising competitor in China, growing threats from Iran and North Korea, and revolutions across the Middle East. Along the way, they grappled with some of the toughest dilemmas of US foreign policy, especially the decision to send Americans into harm's way, from Afghanistan to Libya to the hunt for Osama bin Laden. By the end of her tenure, Secretary Clinton had visited 112 countries, traveled nearly one million miles, and gained a truly global perspective on many of the major trends reshaping the landscape of the twenty-first century, from economic inequality to climate change to revolutions in energy, communications, and health. Drawing on conversations with numerous leaders and experts, Secretary Clinton offers her views on what it will take for the United States to compete and thrive in an interdependent world. She makes a passionate case for human rights and the full participation in society of women, youth, and LGBT people. An astute eyewitness to decades of social change, she distinguishes the trendlines from the headlines and describes the progress occurring throughout the world, day after day. Secretary Clinton's descriptions of diplomatic conversations at the highest levels offer listeners a master class in international relations, as does her analysis of how we can best use "smart power" to deliver security and prosperity in a rapidly changing world-one in which America remains the indispensable nation. -- Publisher description.</subfield>
    </datafield>
    <datafield tag="650" ind1=" " ind2="7">
      <subfield code="a">Stateswomen.</subfield>
      <subfield code="2">fast</subfield>
      <subfield code="0">http://id.worldcat.org/fast/1132017</subfield>
    </datafield>
    <datafield tag="650" ind1="1" ind2="7">
      <subfield code="a">Cabinet officers.</subfield>
      <subfield code="2">fast</subfield>
      <subfield code="0">http://id.worldcat.org/fast/843535</subfield>
    </datafield>
    <datafield tag="650" ind1="1" ind2="7">
      <subfield code="a">Stateswomen.</subfield>
      <subfield code="2">fast</subfield>
      <subfield code="0">http://id.worldcat.org/fast/1132017</subfield>
    </datafield>
    <datafield tag="650" ind1="2" ind2="7">
      <subfield code="a">Politics and government.</subfield>
      <subfield code="2">fast</subfield>
      <subfield code="0">http://id.worldcat.org/fast/1919741</subfield>
    </datafield>
    <datafield tag="650" ind1="2" ind2="7">
      <subfield code="a">International relations.</subfield>
      <subfield code="2">fast</subfield>
      <subfield code="0">http://id.worldcat.org/fast/977053</subfield>
    </datafield>
    <datafield tag="650" ind1=" " ind2="0">
      <subfield code="a">Stateswomen</subfield>
      <subfield code="0">http://id.loc.gov/authorities/subjects/sh00003159</subfield>
      <subfield code="z">United States</subfield>
      <subfield code="0">http://id.loc.gov/authorities/names/n78095330</subfield>
      <subfield code="v">Biography.</subfield>
      <subfield code="0">http://id.loc.gov/authorities/subjects/sh99001237</subfield>
    </datafield>
    <datafield tag="650" ind1=" " ind2="0">
      <subfield code="a">Cabinet officers</subfield>
      <subfield code="z">United States</subfield>
      <subfield code="v">Biography.</subfield>
      <subfield code="0">http://id.loc.gov/authorities/subjects/sh2008100008</subfield>
    </datafield>
    <datafield tag="650" ind1=" " ind2="7">
      <subfield code="a">Cabinet officers.</subfield>
      <subfield code="2">fast</subfield>
      <subfield code="0">http://id.worldcat.org/fast/843535</subfield>
    </datafield>
    <datafield tag="650" ind1=" " ind2="7">
      <subfield code="a">Diplomatic relations.</subfield>
      <subfield code="2">fast</subfield>
      <subfield code="0">http://id.worldcat.org/fast/1907412</subfield>
    </datafield>
    <datafield tag="650" ind1=" " ind2="7">
      <subfield code="a">Politics and government.</subfield>
      <subfield code="2">fast</subfield>
      <subfield code="0">http://id.worldcat.org/fast/1919741</subfield>
    </datafield>
    <datafield tag="651" ind1=" " ind2="0">
      <subfield code="a">United States</subfield>
      <subfield code="x">Foreign relations</subfield>
      <subfield code="y">2009-2017.</subfield>
      <subfield code="0">http://id.loc.gov/authorities/subjects/sh2009000190</subfield>
    </datafield>
    <datafield tag="651" ind1=" " ind2="0">
      <subfield code="a">United States</subfield>
      <subfield code="x">Politics and government</subfield>
      <subfield code="y">2009-2017.</subfield>
      <subfield code="0">http://id.loc.gov/authorities/subjects/sh2009003409</subfield>
    </datafield>
    <datafield tag="651" ind1=" " ind2="7">
      <subfield code="a">United States.</subfield>
      <subfield code="2">fast</subfield>
      <subfield code="0">http://id.worldcat.org/fast/1204155</subfield>
    </datafield>
    <datafield tag="651" ind1="2" ind2="7">
      <subfield code="a">United States.</subfield>
      <subfield code="2">fast</subfield>
      <subfield code="0">http://id.worldcat.org/fast/1204155</subfield>
    </datafield>
    <datafield tag="651" ind1="1" ind2="7">
      <subfield code="a">United States.</subfield>
      <subfield code="2">fast</subfield>
      <subfield code="0">http://id.worldcat.org/fast/1204155</subfield>
    </datafield>
    <datafield tag="655" ind1=" " ind2="7">
      <subfield code="a">Autobiographies.</subfield>
      <subfield code="2">fast</subfield>
      <subfield code="0">http://id.worldcat.org/fast/1919894</subfield>
    </datafield>
    <datafield tag="655" ind1=" " ind2="7">
      <subfield code="a">Biographies.</subfield>
      <subfield code="2">fast</subfield>
      <subfield code="0">http://id.worldcat.org/fast/1919896</subfield>
    </datafield>
    <datafield tag="655" ind1=" " ind2="7">
      <subfield code="a">Autobiographies.</subfield>
      <subfield code="2">lcgft</subfield>
      <subfield code="0">http://id.loc.gov/authorities/genreForms/gf2014026047</subfield>
    </datafield>
    <datafield tag="655" ind1="2" ind2="7">
      <subfield code="a">Biographies.</subfield>
      <subfield code="2">fast</subfield>
      <subfield code="0">http://id.worldcat.org/fast/1919896</subfield>
    </datafield>
    <datafield tag="600" ind1="1" ind2="0">
      <subfield code="a">Clinton, Hillary Rodham.</subfield>
      <subfield code="0">http://id.loc.gov/authorities/names/n93010903</subfield>
    </datafield>
    <datafield tag="600" ind1="1" ind2="7">
      <subfield code="a">Clinton, Hillary Rodham.</subfield>
      <subfield code="2">fast</subfield>
      <subfield code="0">http://id.worldcat.org/fast/316468</subfield>
    </datafield>
    <datafield tag="600" ind1="1" ind2="0">
      <subfield code="a">Obama, Barack.</subfield>
      <subfield code="0">http://id.loc.gov/authorities/names/n94112934</subfield>
    </datafield>
    <datafield tag="600" ind1="1" ind2="7">
      <subfield code="a">Obama, Barack.</subfield>
      <subfield code="2">fast</subfield>
      <subfield code="0">http://id.worldcat.org/fast/348231</subfield>
    </datafield>
    <datafield tag="600" ind1=" " ind2="7">
      <subfield code="a">Obama, Barack.</subfield>
      <subfield code="2">fast</subfield>
      <subfield code="0">http://id.worldcat.org/fast/348231</subfield>
    </datafield>
    <datafield tag="600" ind1=" " ind2="7">
      <subfield code="a">Clinton, Hillary Rodham.</subfield>
      <subfield code="2">fast</subfield>
      <subfield code="0">http://id.worldcat.org/fast/316468</subfield>
    </datafield>
    <datafield tag="648" ind1=" " ind2="7">
      <subfield code="a">2009-2017.</subfield>
      <subfield code="2">fast</subfield>
    </datafield>
    <datafield tag="648" ind1=" " ind2="7">
      <subfield code="a">2009-2017</subfield>
      <subfield code="2">fast</subfield>
    </datafield>
    <datafield tag="710" ind1="2" ind2=" ">
      <subfield code="a">Rogers D. Spotswood Collection.</subfield>
      <subfield code="5">TxSaTAM2</subfield>
    </datafield>
    <datafield tag="767" ind1="0" ind2=" ">
      <subfield code="s">Hard choices. Arabic.</subfield>
      <subfield code="t">Khiya&#x304;ra&#x304;t s&#x323;a&#x2BB;bah.</subfield>
      <subfield code="w">(OCoLC)929705683</subfield>
    </datafield>
    <datafield tag="856" ind1="4" ind2="2">
      <subfield code="3">Contributor biographical information</subfield>
      <subfield code="u">http://catdir.loc.gov/catdir/enhancements/fy1410/2014407811-b.html</subfield>
    </datafield>
    <datafield tag="856" ind1="4" ind2="2">
      <subfield code="3">Publisher description</subfield>
      <subfield code="u">http://catdir.loc.gov/catdir/enhancements/fy1410/2014407811-d.html</subfield>
    </datafield>
    <datafield tag="902" ind1=" " ind2=" ">
      <subfield code="a">MARCIVE-BF 20190703</subfield>
    </datafield>
    <datafield tag="904" ind1=" " ind2=" ">
      <subfield code="a">MARCIVE 20200629</subfield>
    </datafield>
    <datafield tag="907" ind1=" " ind2=" ">
      <subfield code="a">.b56412757</subfield>
      <subfield code="b">p</subfield>
      <subfield code="c">-</subfield>
    </datafield>
    <datafield tag="945" ind1=" " ind2=" ">
      <subfield code="l">pstk</subfield>
      <subfield code="g">1</subfield>
    </datafield>
    <datafield tag="979" ind1=" " ind2=" ">
      <subfield code="a">ocn871358893</subfield>
    </datafield>
    <datafield tag="997" ind1=" " ind2=" ">
      <subfield code="a">20180917140452.0</subfield>
      <subfield code="c">EL</subfield>
      <subfield code="d">TEU</subfield>
      <subfield code="s">OCLC</subfield>
    </datafield>
    <datafield tag="998" ind1=" " ind2=" ">
      <subfield code="b">1</subfield>
      <subfield code="c">140718</subfield>
      <subfield code="d">m</subfield>
      <subfield code="e">a</subfield>
      <subfield code="f">-</subfield>
      <subfield code="g">0</subfield>
    </datafield>
    <datafield tag="ADM" ind1=" " ind2=" ">
      <subfield code="b">2020-09-08 22:29:31</subfield>
      <subfield code="e">b56412757-01tuli_inst</subfield>
      <subfield code="d">MARCIVE</subfield>
      <subfield code="f">20190607205911.0</subfield>
      <subfield code="a">2017-06-20 14:59:09</subfield>
      <subfield code="c">false</subfield>
    </datafield>
    <datafield tag="HLD" ind1="0" ind2=" ">
      <subfield code="b">MAIN</subfield>
      <subfield code="c">stacks</subfield>
      <subfield code="h">E887.C55</subfield>
      <subfield code="i">A3 2014</subfield>
      <subfield code="8">22335409630003811</subfield>
      <subfield code="updated">2018-09-17 18:06:31</subfield>
      <subfield code="created">2017-06-20 14:59:09</subfield>
    </datafield>
    <datafield tag="ITM" ind1=" " ind2=" ">
      <subfield code="r">22335409630003811</subfield>
      <subfield code="b">1</subfield>
      <subfield code="h">0</subfield>
      <subfield code="g">stacks</subfield>
      <subfield code="t">BOOK</subfield>
      <subfield code="9">39074019891209</subfield>
      <subfield code="e">stacks</subfield>
      <subfield code="8">23335409620003811</subfield>
      <subfield code="a">0</subfield>
      <subfield code="i">E887.C55 A3 2014</subfield>
      <subfield code="updated">2019-01-14 23:25:45</subfield>
      <subfield code="q">2017-06-20 14:59:09</subfield>
      <subfield code="d">MAIN</subfield>
      <subfield code="f">MAIN</subfield>
    </datafield>
  </record>