
  <record>
    <leader>05937nam a2200601 i 4500</leader>
    <controlfield tag="005">20190715095952.0</controlfield>
    <controlfield tag="008">150220s2015    nyua          000 0aeng  </controlfield>
    <controlfield tag="001">991007050859703811</controlfield>
    <datafield tag="010" ind1=" " ind2=" ">
      <subfield code="a">2014040838</subfield>
    </datafield>
    <datafield tag="020" ind1=" " ind2=" ">
      <subfield code="a">9781476763347</subfield>
      <subfield code="q">(hardcover)</subfield>
    </datafield>
    <datafield tag="020" ind1=" " ind2=" ">
      <subfield code="a">1476763348</subfield>
      <subfield code="q">(hardcover)</subfield>
    </datafield>
    <datafield tag="020" ind1=" " ind2=" ">
      <subfield code="z">9781476763361</subfield>
      <subfield code="q">(ebook)</subfield>
    </datafield>
    <datafield tag="020" ind1=" " ind2=" ">
      <subfield code="z">9781476763354</subfield>
      <subfield code="q">(paperback)</subfield>
    </datafield>
    <datafield tag="020" ind1=" " ind2=" ">
      <subfield code="z">1476763356</subfield>
      <subfield code="q">(paperback)</subfield>
    </datafield>
    <datafield tag="035" ind1=" " ind2=" ">
      <subfield code="a">(PPT)b5718429x-01tuli_inst</subfield>
    </datafield>
    <datafield tag="035" ind1=" " ind2=" ">
      <subfield code="a">(OCoLC)903703787</subfield>
    </datafield>
    <datafield tag="035" ind1=" " ind2=" ">
      <subfield code="a">ocn883146718</subfield>
      <subfield code="z">ocn900836841</subfield>
    </datafield>
    <datafield tag="035" ind1=" " ind2=" ">
      <subfield code="a">(OCLC)ocn883146718</subfield>
      <subfield code="z">ocn900836841</subfield>
    </datafield>
    <datafield tag="040" ind1=" " ind2=" ">
      <subfield code="a">DLC</subfield>
      <subfield code="b">eng</subfield>
      <subfield code="e">rda</subfield>
      <subfield code="c">TULAW</subfield>
      <subfield code="d">IG#</subfield>
      <subfield code="d">BTCTA</subfield>
      <subfield code="d">BDX</subfield>
      <subfield code="d">OQX</subfield>
      <subfield code="d">YDXCP</subfield>
      <subfield code="d">JQM</subfield>
      <subfield code="d">DAD</subfield>
      <subfield code="d">CDX</subfield>
    </datafield>
    <datafield tag="042" ind1=" " ind2=" ">
      <subfield code="a">pcc</subfield>
    </datafield>
    <datafield tag="043" ind1=" " ind2=" ">
      <subfield code="a">n-us---</subfield>
    </datafield>
    <datafield tag="049" ind1=" " ind2=" ">
      <subfield code="a">TULA</subfield>
    </datafield>
    <datafield tag="079" ind1=" " ind2=" ">
      <subfield code="a">ocn883146718</subfield>
      <subfield code="z">ocn900836841</subfield>
    </datafield>
    <datafield tag="090" ind1=" " ind2=" ">
      <subfield code="a">E901.1.L68</subfield>
      <subfield code="b">A3 2015</subfield>
    </datafield>
    <datafield tag="100" ind1="1" ind2=" ">
      <subfield code="a">Love, Reggie,</subfield>
      <subfield code="d">1981-</subfield>
      <subfield code="0">http://id.loc.gov/authorities/names/n2014073127</subfield>
    </datafield>
    <datafield tag="245" ind1="1" ind2="0">
      <subfield code="a">Power forward :</subfield>
      <subfield code="b">my presidential education /</subfield>
      <subfield code="c">Reggie Love.</subfield>
    </datafield>
    <datafield tag="250" ind1=" " ind2=" ">
      <subfield code="a">First Simon &amp; Schuster hardcover edition.</subfield>
    </datafield>
    <datafield tag="264" ind1=" " ind2="1">
      <subfield code="a">New York :</subfield>
      <subfield code="b">Simon &amp; Schuster,</subfield>
      <subfield code="c">2015.</subfield>
    </datafield>
    <datafield tag="300" ind1=" " ind2=" ">
      <subfield code="a">vii, 213 pages, 16 unnumbered pages of plates :</subfield>
      <subfield code="b">illustrations ;</subfield>
      <subfield code="c">24 cm</subfield>
    </datafield>
    <datafield tag="336" ind1=" " ind2=" ">
      <subfield code="a">text</subfield>
      <subfield code="2">rdacontent</subfield>
    </datafield>
    <datafield tag="337" ind1=" " ind2=" ">
      <subfield code="a">unmediated</subfield>
      <subfield code="2">rdamedia</subfield>
    </datafield>
    <datafield tag="338" ind1=" " ind2=" ">
      <subfield code="a">volume</subfield>
      <subfield code="2">rdacarrier</subfield>
    </datafield>
    <datafield tag="520" ind1=" " ind2=" ">
      <subfield code="a">"Every path to adulthood is strewn with missteps, epiphanies, and hard-earned lessons. Only Reggie Love's, however, went through the White House by way of Duke University's Cameron Indoor Stadium. Mentored by both Coach Krzyzewski and President Obama, Love shares universal insights learned in unique circumstances, an education in how sports, politics, and life can define who you are, what you believe in, and what it takes to make a difference. Power Forward tells the story of the five years Love worked as a personal assistant to Senator Obama as a candidate for president, and President Obama, and it is a professional coming of age story like no other. What the public knows was well put by Time magazine in 2008: "[Love's] official duties don't come close to capturing Reggie's close bond with Obama, who plays a role that is part boss and part big brother." What the public doesn't know are the innumerable private moments during which that bond was forged and the President mentored a malleable young man. Accountability and serving with pride and honor were learned during unsought moments: from co-coaching grade school girls basketball with the president; lending Obama his tie ahead of a presidential debate; managing a personal life when no hour is truly his own; being tasked with getting the candidate up in the morning on time for long days of campaigning. From his first interview with Senator Obama, to his near-decision not to follow the president-elect to the White House, to eventually bringing LeBron, Melo, D-Wade, and Kobe to play with the President on his forty-ninth birthday, Love drew on Coach K's teachings as he learned to navigate Washington. But it was while owning up to losing (briefly) the President's briefcase, figuring out how to compete effectively in pick-up games in New Hampshire during the primary to secure support and votes, babysitting the children of visiting heads of state, and keeping the President company at every major turning point of his historic first campaign and administration, that Love learned how persistence and passion can lead not only to success, but to a broader concept of responsibility"--</subfield>
      <subfield code="c">Provided by publisher.</subfield>
    </datafield>
    <datafield tag="520" ind1=" " ind2=" ">
      <subfield code="a">"No one spent more time with Barack Obama during his historic first campaign and term than "body man" Reggie Love, whose professional coming of age story--from team captain of Coach K's 2001 NCAA title team through junior Senator Obama's mailroom to becoming the President's confidant, friend, and Chief of Stuff--is like no other"--</subfield>
      <subfield code="c">Provided by publisher.</subfield>
    </datafield>
    <datafield tag="505" ind1="0" ind2=" ">
      <subfield code="a">The tip-off -- The bottom is only the beginning -- Every layup isn't easy -- You can't teach height -- Never get too comfortable on the bench -- You are never not representing -- Own your mistakes -- Little things are big things in disguise -- Toss out the playbook -- Court connection -- Dress the part -- There's no place like home (court) -- At least it's not fried walleye -- Let the bear out of the cage -- Anger management -- Sunlight is the strongest disinfectant -- Use your voice -- Play it out -- You can't buy momentum -- History happens every day -- Character counts in large amounts -- Value the ball -- Mothers know best -- Don't be afraid to laugh at yourself -- A business, man -- 75 percent of life is just showing up -- Know when to leave the party -- Create your own shot.</subfield>
    </datafield>
    <datafield tag="650" ind1=" " ind2="0">
      <subfield code="a">Presidents</subfield>
      <subfield code="z">United States</subfield>
      <subfield code="x">Staff</subfield>
      <subfield code="v">Biography.</subfield>
      <subfield code="0">http://id.loc.gov/authorities/subjects/sh2010108122</subfield>
    </datafield>
    <datafield tag="650" ind1="2" ind2="7">
      <subfield code="a">Politics and government.</subfield>
      <subfield code="2">fast</subfield>
      <subfield code="0">http://id.worldcat.org/fast/1919741</subfield>
    </datafield>
    <datafield tag="650" ind1="2" ind2="7">
      <subfield code="a">Friends and associates.</subfield>
      <subfield code="2">fast</subfield>
      <subfield code="0">http://id.worldcat.org/fast/1353140</subfield>
    </datafield>
    <datafield tag="650" ind1="1" ind2="7">
      <subfield code="a">Presidents.</subfield>
      <subfield code="2">fast</subfield>
      <subfield code="0">http://id.worldcat.org/fast/1075723</subfield>
    </datafield>
    <datafield tag="650" ind1=" " ind2="7">
      <subfield code="a">BIOGRAPHY &amp; AUTOBIOGRAPHY / Personal Memoirs.</subfield>
      <subfield code="2">bisacsh</subfield>
    </datafield>
    <datafield tag="650" ind1=" " ind2="7">
      <subfield code="a">BIOGRAPHY &amp; AUTOBIOGRAPHY / Sports.</subfield>
      <subfield code="2">bisacsh</subfield>
    </datafield>
    <datafield tag="650" ind1=" " ind2="7">
      <subfield code="a">BIOGRAPHY &amp; AUTOBIOGRAPHY / Political.</subfield>
      <subfield code="2">bisacsh</subfield>
    </datafield>
    <datafield tag="651" ind1=" " ind2="0">
      <subfield code="a">United States</subfield>
      <subfield code="x">Politics and government</subfield>
      <subfield code="y">2001-2009.</subfield>
      <subfield code="0">http://id.loc.gov/authorities/subjects/sh2001002071</subfield>
    </datafield>
    <datafield tag="651" ind1=" " ind2="0">
      <subfield code="a">United States</subfield>
      <subfield code="x">Politics and government</subfield>
      <subfield code="y">2009-2017.</subfield>
      <subfield code="0">http://id.loc.gov/authorities/subjects/sh2009003409</subfield>
    </datafield>
    <datafield tag="651" ind1="1" ind2="7">
      <subfield code="a">United States.</subfield>
      <subfield code="2">fast</subfield>
      <subfield code="0">http://id.worldcat.org/fast/1204155</subfield>
    </datafield>
    <datafield tag="651" ind1="2" ind2="7">
      <subfield code="a">United States.</subfield>
      <subfield code="2">fast</subfield>
      <subfield code="0">http://id.worldcat.org/fast/1204155</subfield>
    </datafield>
    <datafield tag="655" ind1=" " ind2="7">
      <subfield code="a">Autobiographies.</subfield>
      <subfield code="2">lcgft</subfield>
      <subfield code="0">http://id.loc.gov/authorities/genreForms/gf2014026047</subfield>
    </datafield>
    <datafield tag="655" ind1=" " ind2="7">
      <subfield code="a">Autobiographies.</subfield>
      <subfield code="2">fast</subfield>
      <subfield code="0">http://id.worldcat.org/fast/1919894</subfield>
    </datafield>
    <datafield tag="655" ind1="2" ind2="7">
      <subfield code="a">Biographies.</subfield>
      <subfield code="2">fast</subfield>
      <subfield code="0">http://id.worldcat.org/fast/1919896</subfield>
    </datafield>
    <datafield tag="600" ind1="1" ind2="0">
      <subfield code="a">Love, Reggie,</subfield>
      <subfield code="d">1981-</subfield>
      <subfield code="0">http://id.loc.gov/authorities/names/n2014073127</subfield>
    </datafield>
    <datafield tag="600" ind1="1" ind2="7">
      <subfield code="a">Love, Reggie,</subfield>
      <subfield code="d">1981-</subfield>
      <subfield code="2">fast</subfield>
      <subfield code="0">http://id.worldcat.org/fast/1926988</subfield>
    </datafield>
    <datafield tag="600" ind1="1" ind2="7">
      <subfield code="a">Obama, Barack.</subfield>
      <subfield code="2">fast</subfield>
      <subfield code="0">http://id.worldcat.org/fast/348231</subfield>
    </datafield>
    <datafield tag="600" ind1=" " ind2="7">
      <subfield code="a">Love, Reggie,</subfield>
      <subfield code="d">1981-</subfield>
      <subfield code="2">fast</subfield>
      <subfield code="0">http://id.worldcat.org/fast/1926988</subfield>
    </datafield>
    <datafield tag="600" ind1="1" ind2="0">
      <subfield code="a">Obama, Barack</subfield>
      <subfield code="0">http://id.loc.gov/authorities/names/n94112934</subfield>
      <subfield code="x">Friends and associates.</subfield>
      <subfield code="0">http://id.loc.gov/authorities/subjects/sh00005818</subfield>
    </datafield>
    <datafield tag="648" ind1=" " ind2="7">
      <subfield code="a">2009-2017.</subfield>
      <subfield code="2">fast</subfield>
    </datafield>
    <datafield tag="648" ind1=" " ind2="7">
      <subfield code="a">2001-2009.</subfield>
      <subfield code="2">fast</subfield>
    </datafield>
    <datafield tag="902" ind1=" " ind2=" ">
      <subfield code="a">MARCIVE-BF 20190703</subfield>
    </datafield>
    <datafield tag="904" ind1=" " ind2=" ">
      <subfield code="a">MARCIVE 20200629</subfield>
    </datafield>
    <datafield tag="907" ind1=" " ind2=" ">
      <subfield code="a">.b5718429x</subfield>
      <subfield code="b">l    </subfield>
      <subfield code="c">-</subfield>
    </datafield>
    <datafield tag="945" ind1=" " ind2=" ">
      <subfield code="l">lstk </subfield>
      <subfield code="g">1</subfield>
    </datafield>
    <datafield tag="979" ind1=" " ind2=" ">
      <subfield code="a">ocn883146718</subfield>
      <subfield code="z">ocn900836841</subfield>
    </datafield>
    <datafield tag="998" ind1=" " ind2=" ">
      <subfield code="b">1</subfield>
      <subfield code="c">150220</subfield>
      <subfield code="d">m</subfield>
      <subfield code="e">a</subfield>
      <subfield code="f">-</subfield>
      <subfield code="g">0</subfield>
    </datafield>
    <datafield tag="ADM" ind1=" " ind2=" ">
      <subfield code="b">2020-09-09 01:12:03</subfield>
      <subfield code="e">b5718429x-01tuli_inst</subfield>
      <subfield code="d">MARCIVE</subfield>
      <subfield code="f">20190607211045.0</subfield>
      <subfield code="a">2017-06-20 06:35:59</subfield>
      <subfield code="c">false</subfield>
    </datafield>
    <datafield tag="HLD" ind1="0" ind2=" ">
      <subfield code="b">LAW</subfield>
      <subfield code="c">closestack</subfield>
      <subfield code="h">E901.1.L68</subfield>
      <subfield code="i">A3 2015</subfield>
      <subfield code="8">22250869610003811</subfield>
      <subfield code="created">2017-06-20 06:35:59</subfield>
    </datafield>
    <datafield tag="ITM" ind1=" " ind2=" ">
      <subfield code="r">22250869610003811</subfield>
      <subfield code="b">1</subfield>
      <subfield code="h">0</subfield>
      <subfield code="g">closestack</subfield>
      <subfield code="t">BOOK</subfield>
      <subfield code="9">39074804657856</subfield>
      <subfield code="e">closestack</subfield>
      <subfield code="8">23250869540003811</subfield>
      <subfield code="a">0</subfield>
      <subfield code="i">E901.1.L68 A3 2015</subfield>
      <subfield code="updated">2017-06-20 06:36:37</subfield>
      <subfield code="q">2017-06-20 06:35:59</subfield>
      <subfield code="d">LAW</subfield>
      <subfield code="f">LAW</subfield>
    </datafield>
  </record>