
  <record>
    <leader>05747nmmZZ2200577MiZ4500</leader>
    <controlfield tag="006">m f a u</controlfield>
    <controlfield tag="007">cr mn mmmmuuuu</controlfield>
    <controlfield tag="008">181113s2011    miu    fo  a        eng d</controlfield>
    <controlfield tag="001">991036954846003811</controlfield>
    <datafield tag="035" ind1=" " ind2=" ">
      <subfield code="a">(MiAaI)ICPSR31570</subfield>
    </datafield>
    <datafield tag="040" ind1=" " ind2=" ">
      <subfield code="a">MiAaI</subfield>
      <subfield code="c">MiAaI</subfield>
    </datafield>
    <datafield tag="245" ind1="0" ind2="0">
      <subfield code="a">CBS News/New York Times Monthly Poll #2, April 2010</subfield>
      <subfield code="h">[electronic resource]</subfield>
      <subfield code="c">CBS News, The New York Times</subfield>
    </datafield>
    <datafield tag="250" ind1=" " ind2=" ">
      <subfield code="a">2011-09-09</subfield>
    </datafield>
    <datafield tag="260" ind1=" " ind2=" ">
      <subfield code="a">Ann Arbor, Mich.</subfield>
      <subfield code="b">Inter-university Consortium for Political and Social Research [distributor]</subfield>
      <subfield code="c">2011</subfield>
    </datafield>
    <datafield tag="490" ind1="1" ind2=" ">
      <subfield code="a">ICPSR</subfield>
      <subfield code="v">31570</subfield>
    </datafield>
    <datafield tag="490" ind1="1" ind2=" ">
      <subfield code="a">CBS News/New York Times Poll Series</subfield>
    </datafield>
    <datafield tag="516" ind1=" " ind2=" ">
      <subfield code="a">Numeric</subfield>
    </datafield>
    <datafield tag="538" ind1=" " ind2=" ">
      <subfield code="a">Mode of access: Intranet.</subfield>
    </datafield>
    <datafield tag="500" ind1=" " ind2=" ">
      <subfield code="a">Title from ICPSR DDI metadata of 2018-11-13.</subfield>
    </datafield>
    <datafield tag="506" ind1=" " ind2=" ">
      <subfield code="a">AVAILABLE. This study is freely available to ICPSR member institutions.</subfield>
    </datafield>
    <datafield tag="530" ind1=" " ind2=" ">
      <subfield code="a">Also available as downloadable files.</subfield>
    </datafield>
    <datafield tag="522" ind1=" " ind2=" ">
      <subfield code="a">United States</subfield>
    </datafield>
    <datafield tag="520" ind1="3" ind2=" ">
      <subfield code="a">This poll, fielded April 28 to May 2, 2010, is a part of a continuing series of monthly surveys that solicits public opinion on the presidency and on a range of other political and social issues. A national sample of 1,125 adults were surveyed, including an oversample 412 Catholic individuals. Respondents were asked whether they approved of the way Barack Obama was handling his job as president, foreign policy, the economy, and health care. Opinions were sought on Israel, the leadership of the Catholic Church, and Pope Benedict XVI. Respondents were asked whether they thought the Vatican or most parish priests in the United States were in touch with the needs of Catholics, whether they were opposed to letting Catholic priests get married or letting women be ordained as Catholic priests, how important it was to them that their children practice the religion in which they were raised, how comfortable they would be if their child was alone with their parish priests, how closely they had been following the news about the reports of past sexual abuse of children by Catholic priests, whether they thought the Vatican and the Pope did a good job handling the reports of sexual abuse, and whether they thought the problem of sexual abuse was a more common problem in the Catholic Church than other faiths. Opinions were collected on United States bishops and whether respondents thought the bishops were doing a better job than they previously did in dealing with the priests who sexually abused children, whether the bishops tried to prevent sexual abuse in the past or cover it up, whether the bishops have enforced the policy of performing extensive background checks and psychological testing on persons wanting to become a priest in the United States, and whether this screening policy is going too far. Respondents were also asked if they thought the policy of having a priest permanently removed from the ministry and barred from performing priestly duties was fair in cases of priests who had sexually abused children. Respondents were also asked whether celibacy or homosexuality among priests in the Catholic church were major factors contributing to child sexual abuse by priests, whether reports of sexual abuse led respondents to question the authority of the Vatican, whether reports of sexual abuse have made respondents uncomfortable around their own parish priests, whether the respondent or anyone in their household had given money to a Catholic parish or organization in the previous 12 months, and if so, whether they had increased giving since the reports of abuse became public. Information was collected on whether the reports of sexual abuse affected the respondent's or their children's involvement in Catholic Church activities, their Mass attendance, or their feelings about remaining in the Catholic faith, whether they thought the media accurately reported the stories of child sexual abuse by priests, how much respondents had heard about the Vatican conducting a study on the quality of life of nuns, and whether respondents supported it. Other topics covered the national economy, job security, legal and illegal immigration in the United States, the new law in Arizona allowing police officers to question those they suspect are living in the country illegally. Demographic information includes sex, age, race, education level, household income, religious preference, type of residential area (e.g., urban or rural), political party affiliation, political philosophy, and voter registration status.Cf: http://doi.org/10.3886/ICPSR31570.v1</subfield>
    </datafield>
    <datafield tag="505" ind1="8" ind2=" ">
      <subfield code="t">Dataset</subfield>
    </datafield>
    <datafield tag="567" ind1=" " ind2=" ">
      <subfield code="a">Persons aged 18 years and older living in households with telephones in the United States.</subfield>
    </datafield>
    <datafield tag="590" ind1=" " ind2=" ">
      <subfield code="a">Access is available to the Temple Community through use of a networked computer with a Temple IP address.</subfield>
    </datafield>
    <datafield tag="650" ind1=" " ind2="7">
      <subfield code="a">attitudes</subfield>
      <subfield code="2">icpsr</subfield>
    </datafield>
    <datafield tag="650" ind1=" " ind2="7">
      <subfield code="a">Catholic Church</subfield>
      <subfield code="2">icpsr</subfield>
    </datafield>
    <datafield tag="650" ind1=" " ind2="7">
      <subfield code="a">Catholic priests</subfield>
      <subfield code="2">icpsr</subfield>
    </datafield>
    <datafield tag="650" ind1=" " ind2="7">
      <subfield code="a">Catholics</subfield>
      <subfield code="2">icpsr</subfield>
    </datafield>
    <datafield tag="650" ind1=" " ind2="7">
      <subfield code="a">church attendance</subfield>
      <subfield code="2">icpsr</subfield>
    </datafield>
    <datafield tag="650" ind1=" " ind2="7">
      <subfield code="a">church membership</subfield>
      <subfield code="2">icpsr</subfield>
    </datafield>
    <datafield tag="650" ind1=" " ind2="7">
      <subfield code="a">immigrants</subfield>
      <subfield code="2">icpsr</subfield>
    </datafield>
    <datafield tag="650" ind1=" " ind2="7">
      <subfield code="a">immigration</subfield>
      <subfield code="2">icpsr</subfield>
    </datafield>
    <datafield tag="650" ind1=" " ind2="7">
      <subfield code="a">immigration policy</subfield>
      <subfield code="2">icpsr</subfield>
    </datafield>
    <datafield tag="650" ind1=" " ind2="7">
      <subfield code="a">job security</subfield>
      <subfield code="2">icpsr</subfield>
    </datafield>
    <datafield tag="650" ind1=" " ind2="7">
      <subfield code="a">national economy</subfield>
      <subfield code="2">icpsr</subfield>
    </datafield>
    <datafield tag="650" ind1=" " ind2="7">
      <subfield code="a">Obama Administration (2009 - )</subfield>
      <subfield code="2">icpsr</subfield>
    </datafield>
    <datafield tag="650" ind1=" " ind2="7">
      <subfield code="a">Obama, Barack</subfield>
      <subfield code="2">icpsr</subfield>
    </datafield>
    <datafield tag="650" ind1=" " ind2="7">
      <subfield code="a">Pope Benedict XVI</subfield>
      <subfield code="2">icpsr</subfield>
    </datafield>
    <datafield tag="650" ind1=" " ind2="7">
      <subfield code="a">public opinion</subfield>
      <subfield code="2">icpsr</subfield>
    </datafield>
    <datafield tag="650" ind1=" " ind2="7">
      <subfield code="a">religion</subfield>
      <subfield code="2">icpsr</subfield>
    </datafield>
    <datafield tag="650" ind1=" " ind2="7">
      <subfield code="a">sexual abuse</subfield>
      <subfield code="2">icpsr</subfield>
    </datafield>
    <datafield tag="653" ind1="0" ind2=" ">
      <subfield code="a">ICPSR XIV. Mass Political Behavior and Attitudes</subfield>
    </datafield>
    <datafield tag="653" ind1="0" ind2=" ">
      <subfield code="a">ICPSR XIV.C. Mass Political Behavior and Attitudes, Public Opinion on Political Matters</subfield>
    </datafield>
    <datafield tag="710" ind1="2" ind2=" ">
      <subfield code="a">CBS News.</subfield>
    </datafield>
    <datafield tag="710" ind1="2" ind2=" ">
      <subfield code="a">The New York Times</subfield>
    </datafield>
    <datafield tag="710" ind1="2" ind2=" ">
      <subfield code="a">Inter-university Consortium for Political and Social Research.</subfield>
    </datafield>
    <datafield tag="830" ind1=" " ind2="0">
      <subfield code="a">ICPSR (Series)</subfield>
      <subfield code="v">31570</subfield>
    </datafield>
    <datafield tag="856" ind1="4" ind2="0">
      <subfield code="z">Access restricted ; authentication may be required:</subfield>
      <subfield code="u">http://doi.org/10.3886/ICPSR31570.v1</subfield>
    </datafield>
    <datafield tag="902" ind1=" " ind2=" ">
      <subfield code="a">ICPSR Datasets 20181113</subfield>
    </datafield>
    <datafield tag="979" ind1=" " ind2=" ">
      <subfield code="a">ICPSR31570</subfield>
    </datafield>
    <datafield tag="ADM" ind1=" " ind2=" ">
      <subfield code="b">2019-01-01 10:20:23</subfield>
      <subfield code="e">ICPSR31570</subfield>
      <subfield code="d">OTHER</subfield>
      <subfield code="a">2018-11-16 21:18:58</subfield>
      <subfield code="c">false</subfield>
    </datafield>
    <datafield tag="PRT" ind1=" " ind2=" ">
      <subfield code="updated">2018-11-20 21:58:55</subfield>
      <subfield code="i">61403045390003811</subfield>
      <subfield code="c">ICPSR</subfield>
      <subfield code="created">2018-11-16 21:19:13</subfield>
      <subfield code="j">62403045380003811</subfield>
      <subfield code="a">53439104640003811</subfield>
      <subfield code="b">https://sandbox01-na.alma.exlibrisgroup.com/view/uresolver/01TULI_INST/openurl?u.ignore_date_coverage=true&amp;rft.mms_id=991036954846003811</subfield>
      <subfield code="9">Available</subfield>
      <subfield code="8">53439104640003811</subfield>
    </datafield>
  </record>