
  <record>
    <leader>03018ngm a22005893i 4500</leader>
    <controlfield tag="005">20200512115722.0</controlfield>
    <controlfield tag="006">m|||||o||c||||||||</controlfield>
    <controlfield tag="007">cr |n||||||||a</controlfield>
    <controlfield tag="007">vz |za|z|</controlfield>
    <controlfield tag="008">181009s2011    inu146 e     |o   v|eng d</controlfield>
    <controlfield tag="001">991037334021703811</controlfield>
    <datafield tag="035" ind1=" " ind2=" ">
      <subfield code="a">(OCoLC)1064496327</subfield>
    </datafield>
    <datafield tag="035" ind1=" " ind2=" ">
      <subfield code="a">(VaAlASP)ASP3394505/marc</subfield>
    </datafield>
    <datafield tag="040" ind1=" " ind2=" ">
      <subfield code="a">VaAlASP</subfield>
      <subfield code="b">eng</subfield>
      <subfield code="e">rda</subfield>
      <subfield code="c">VaAlASP</subfield>
    </datafield>
    <datafield tag="245" ind1="0" ind2="4">
      <subfield code="a">The great speeches videoseries.</subfield>
      <subfield code="n">Volume 25 /</subfield>
      <subfield code="c">Educational Video Group, Inc. presents.</subfield>
    </datafield>
    <datafield tag="246" ind1="3" ind2="3">
      <subfield code="a">Great speeches.</subfield>
      <subfield code="n">Volume 25</subfield>
    </datafield>
    <datafield tag="246" ind1="3" ind2="3">
      <subfield code="a">Great speeches.</subfield>
      <subfield code="n">25</subfield>
    </datafield>
    <datafield tag="246" ind1="3" ind2="3">
      <subfield code="a">Great speeches video series.</subfield>
      <subfield code="n">Volume 25</subfield>
    </datafield>
    <datafield tag="264" ind1=" " ind2="1">
      <subfield code="a">Greenwood, IN :</subfield>
      <subfield code="b">Educational Video Group,</subfield>
      <subfield code="c">2011.</subfield>
    </datafield>
    <datafield tag="300" ind1=" " ind2=" ">
      <subfield code="a">1 online resource (146 minutes)</subfield>
    </datafield>
    <datafield tag="306" ind1=" " ind2=" ">
      <subfield code="a">022619</subfield>
    </datafield>
    <datafield tag="336" ind1=" " ind2=" ">
      <subfield code="a">two-dimensional moving image</subfield>
      <subfield code="b">tdi</subfield>
      <subfield code="2">rdacontent</subfield>
    </datafield>
    <datafield tag="337" ind1=" " ind2=" ">
      <subfield code="a">computer</subfield>
      <subfield code="b">c</subfield>
      <subfield code="2">rdamedia</subfield>
    </datafield>
    <datafield tag="337" ind1=" " ind2=" ">
      <subfield code="a">video</subfield>
      <subfield code="b">v</subfield>
      <subfield code="2">rdamedia</subfield>
    </datafield>
    <datafield tag="338" ind1=" " ind2=" ">
      <subfield code="a">online resource</subfield>
      <subfield code="b">cr</subfield>
      <subfield code="2">rdacarrier</subfield>
    </datafield>
    <datafield tag="347" ind1=" " ind2=" ">
      <subfield code="a">video file</subfield>
      <subfield code="2">rda</subfield>
    </datafield>
    <datafield tag="500" ind1=" " ind2=" ">
      <subfield code="a">Title from resource description page (viewed October 09, 2018).</subfield>
    </datafield>
    <datafield tag="520" ind1=" " ind2=" ">
      <subfield code="a">For more than 25 years The Great Speeches Video series has allowed libraries and instructors to archive and preserve some of history&#x2019;s most influential addresses. Now your students can watch, in their entirety, these speeches breathing life and relevancy into our history and clearly demonstrating the power of speech! More than just speeches, each is accompanied by a biography and analysis of the event and the speech. As Water Cronkite used to say, &#x201C;You are there!&#x201D;Great Speeches Volume 25 presents: Barack Obama &#x2013; Tucson Shooting Memorial. Sarah Palin &#x2013; 2010 Reagan Dinner Address. Arlen Specter &#x2013; Farewell Address. Nancy Pelosi &#x2013; Turning Over the Gavel. John Boehner &#x2013; Becoming Speaker of the House.  Richard Nixon &#x2013; Second Inaugural Address.</subfield>
    </datafield>
    <datafield tag="546" ind1=" " ind2=" ">
      <subfield code="a">In English.</subfield>
    </datafield>
    <datafield tag="590" ind1=" " ind2=" ">
      <subfield code="a">Access is available to the Temple Community through use of a networked computer with a Temple IP address.</subfield>
    </datafield>
    <datafield tag="600" ind1="1" ind2="0">
      <subfield code="a">Obama, Barack</subfield>
      <subfield code="v">Oratory.</subfield>
    </datafield>
    <datafield tag="600" ind1="1" ind2="0">
      <subfield code="a">Palin, Sarah,</subfield>
      <subfield code="d">1964-</subfield>
      <subfield code="v">Oratory.</subfield>
    </datafield>
    <datafield tag="600" ind1="1" ind2="0">
      <subfield code="a">Specter, Arlen</subfield>
      <subfield code="v">Oratory.</subfield>
    </datafield>
    <datafield tag="600" ind1="1" ind2="0">
      <subfield code="a">Pelosi, Nancy,</subfield>
      <subfield code="d">1940-</subfield>
      <subfield code="v">Oratory.</subfield>
    </datafield>
    <datafield tag="600" ind1="1" ind2="0">
      <subfield code="a">Boehner, John,</subfield>
      <subfield code="d">1949-</subfield>
      <subfield code="v">Oratory.</subfield>
    </datafield>
    <datafield tag="600" ind1="1" ind2="0">
      <subfield code="a">Nixon, Richard M.</subfield>
      <subfield code="q">(Richard Milhous),</subfield>
      <subfield code="d">1913-1994</subfield>
      <subfield code="v">Oratory.</subfield>
    </datafield>
    <datafield tag="650" ind1=" " ind2="0">
      <subfield code="a">Speeches, addresses, etc., American</subfield>
      <subfield code="y">20th century.</subfield>
    </datafield>
    <datafield tag="650" ind1=" " ind2="0">
      <subfield code="a">Speeches, addresses, etc., American</subfield>
      <subfield code="y">21st century.</subfield>
    </datafield>
    <datafield tag="655" ind1=" " ind2="7">
      <subfield code="a">Educational films.</subfield>
      <subfield code="2">lcgft</subfield>
    </datafield>
    <datafield tag="655" ind1=" " ind2="7">
      <subfield code="a">Speeches.</subfield>
      <subfield code="2">lcgft</subfield>
    </datafield>
    <datafield tag="710" ind1="2" ind2=" ">
      <subfield code="a">Educational Video Group,</subfield>
      <subfield code="e">production company.</subfield>
    </datafield>
    <datafield tag="776" ind1="0" ind2="8">
      <subfield code="i">Original version:</subfield>
      <subfield code="w">(OCoLC)711789938</subfield>
    </datafield>
    <datafield tag="856" ind1="4" ind2="0">
      <subfield code="u">http://www.aspresolver.com/aspresolver.asp?MARC;3394505</subfield>
    </datafield>
    <datafield tag="901" ind1=" " ind2=" ">
      <subfield code="a">ASP3394505/marc</subfield>
      <subfield code="b">VaAlASP</subfield>
      <subfield code="c">129916</subfield>
      <subfield code="t">biblio</subfield>
    </datafield>
    <datafield tag="902" ind1=" " ind2=" ">
      <subfield code="a">ASP: Academic Video Online 2019115</subfield>
    </datafield>
    <datafield tag="905" ind1=" " ind2=" ">
      <subfield code="u">admin</subfield>
    </datafield>
    <datafield tag="910" ind1=" " ind2=" ">
      <subfield code="a">EJM 2018-10-23</subfield>
    </datafield>
    <datafield tag="941" ind1=" " ind2=" ">
      <subfield code="a">1006604115</subfield>
    </datafield>
    <datafield tag="944" ind1=" " ind2=" ">
      <subfield code="a">3394505</subfield>
    </datafield>
    <datafield tag="945" ind1=" " ind2=" ">
      <subfield code="a">The Whole World</subfield>
    </datafield>
    <datafield tag="950" ind1=" " ind2=" ">
      <subfield code="a">DVDF</subfield>
      <subfield code="c">PDAP-BF</subfield>
      <subfield code="c">EBAP-BF</subfield>
      <subfield code="c">PAVN-BF</subfield>
      <subfield code="c">AVN2-BF</subfield>
      <subfield code="c">VSTR-ST</subfield>
    </datafield>
    <datafield tag="979" ind1=" " ind2=" ">
      <subfield code="a">ASP3394505/marc</subfield>
    </datafield>
    <datafield tag="ADM" ind1=" " ind2=" ">
      <subfield code="b">2020-05-12 15:57:23</subfield>
      <subfield code="e">ASP3394505/marc</subfield>
      <subfield code="d">ASP</subfield>
      <subfield code="f">20181009120717.0</subfield>
      <subfield code="a">2019-11-16 19:23:05</subfield>
      <subfield code="c">false</subfield>
    </datafield>
    <datafield tag="PRT" ind1=" " ind2=" ">
      <subfield code="updated">2019-11-16 19:24:07</subfield>
      <subfield code="i">61431637620003811</subfield>
      <subfield code="c">Academic Video Online</subfield>
      <subfield code="created">2019-11-16 19:23:19</subfield>
      <subfield code="j">62431637610003811</subfield>
      <subfield code="a">53479657430003811</subfield>
      <subfield code="b">https://sandbox01-na.alma.exlibrisgroup.com/view/uresolver/01TULI_INST/openurl?u.ignore_date_coverage=true&amp;rft.mms_id=991037334021703811</subfield>
      <subfield code="9">Available</subfield>
      <subfield code="8">53479657430003811</subfield>
    </datafield>
  </record>