
  <record>
    <leader>02405ngm a22003613i 4500</leader>
    <controlfield tag="006">m||||||||c||||||||</controlfield>
    <controlfield tag="007">cr||n|---||a|a</controlfield>
    <controlfield tag="007">vz||zazu|</controlfield>
    <controlfield tag="008">080405s2009    nyu039 g||||||s|||v|eng|d</controlfield>
    <controlfield tag="001">991037330191703811</controlfield>
    <datafield tag="035" ind1=" " ind2=" ">
      <subfield code="a">(OCoLC)747797098</subfield>
    </datafield>
    <datafield tag="040" ind1=" " ind2=" ">
      <subfield code="a">VaAlASP</subfield>
      <subfield code="c">VaAlASP</subfield>
    </datafield>
    <datafield tag="100" ind1="1" ind2=" ">
      <subfield code="a">Magierski, Tomasz,</subfield>
      <subfield code="d">1960-</subfield>
    </datafield>
    <datafield tag="245" ind1="1" ind2="0">
      <subfield code="a">My father the Luo</subfield>
      <subfield code="h">[electronic resource] /</subfield>
      <subfield code="c">by Tomasz Magierski.</subfield>
    </datafield>
    <datafield tag="260" ind1=" " ind2=" ">
      <subfield code="a">New York, NY :</subfield>
      <subfield code="b">Filmakers Library,</subfield>
      <subfield code="c">2009.</subfield>
    </datafield>
    <datafield tag="300" ind1=" " ind2=" ">
      <subfield code="a">1 online resource (40 min.).</subfield>
    </datafield>
    <datafield tag="500" ind1=" " ind2=" ">
      <subfield code="a">Originally released as DVD.</subfield>
    </datafield>
    <datafield tag="500" ind1=" " ind2=" ">
      <subfield code="a">Title from resource description page (viewed May 24, 2011).</subfield>
    </datafield>
    <datafield tag="520" ind1=" " ind2=" ">
      <subfield code="a">My Father the Luo is a film about finding one's identity. The main character is Roma Ndolo, a young woman who grew up in Germany with parents from Poland and Kenya. She had always longed to find out more about her "African side" so she travels to her late father's homeland. While there, she recognizes the parallels between her own life and that of President Barack Obama. Each of their fathers were from the Luo tribe and Obama's half sister is Roma's family friend.This film was shot during the Democratic Convention in Denver 2008. Not surprisingly there is also a historic footage of Senator Obama's trip to Kenya in 2006. Prof. Gilbert Ogutu of the University of Nairobi, also a Luo, remarks that Kenyans were enthusiastic about Obama and curious whether he was more American or Kenyan.Roma visits her grandmother whom she has not seen in many years, and also honors the grave of her father for the first time. Everywhere she travels she is warmly welcomed and becomes more and more comfortable with her African origins. Here is a portrait of a person successfully integrating her multicultural identity.A closed captioned version is available. Please specify when ordering.</subfield>
    </datafield>
    <datafield tag="521" ind1=" " ind2=" ">
      <subfield code="a">For High School; College; Adult audiences.</subfield>
    </datafield>
    <datafield tag="546" ind1=" " ind2=" ">
      <subfield code="a">This edition in English.</subfield>
    </datafield>
    <datafield tag="590" ind1=" " ind2=" ">
      <subfield code="a">Access is available to the Temple Community through use of a networked computer with a Temple IP address.</subfield>
    </datafield>
    <datafield tag="600" ind1="1" ind2="0">
      <subfield code="a">Ndolo, Roma.</subfield>
    </datafield>
    <datafield tag="600" ind1="1" ind2="0">
      <subfield code="a">Obama, Barack.</subfield>
    </datafield>
    <datafield tag="650" ind1=" " ind2="0">
      <subfield code="a">Luo (Kenyan and Tanzanian people)</subfield>
      <subfield code="z">Kenya</subfield>
      <subfield code="x">Social life and customs.</subfield>
    </datafield>
    <datafield tag="651" ind1=" " ind2="0">
      <subfield code="a">Kenya.</subfield>
    </datafield>
    <datafield tag="655" ind1=" " ind2="7">
      <subfield code="a">Documentary films.</subfield>
      <subfield code="2">lcgft</subfield>
    </datafield>
    <datafield tag="776" ind1="1" ind2=" ">
      <subfield code="c">Original</subfield>
      <subfield code="w">(OCoLC)747797098</subfield>
    </datafield>
    <datafield tag="856" ind1="4" ind2="0">
      <subfield code="u">http://www.aspresolver.com/aspresolver.asp?FLON;1641440</subfield>
    </datafield>
    <datafield tag="901" ind1=" " ind2=" ">
      <subfield code="a">ASP1641440/flon</subfield>
      <subfield code="b">VaAlASP</subfield>
      <subfield code="c">25142</subfield>
      <subfield code="t">biblio</subfield>
    </datafield>
    <datafield tag="902" ind1=" " ind2=" ">
      <subfield code="a">ASP: Academic Video Online 20191115</subfield>
    </datafield>
    <datafield tag="905" ind1=" " ind2=" ">
      <subfield code="u">admin</subfield>
    </datafield>
    <datafield tag="944" ind1=" " ind2=" ">
      <subfield code="a">1784757</subfield>
    </datafield>
    <datafield tag="945" ind1=" " ind2=" ">
      <subfield code="a">The Whole World</subfield>
    </datafield>
    <datafield tag="979" ind1=" " ind2=" ">
      <subfield code="a">ASP1641440/flon</subfield>
    </datafield>
    <datafield tag="ADM" ind1=" " ind2=" ">
      <subfield code="b">2020-06-09 01:25:46</subfield>
      <subfield code="e">ASP1641440/flon</subfield>
      <subfield code="d">ASP</subfield>
      <subfield code="a">2019-11-16 17:41:47</subfield>
      <subfield code="c">false</subfield>
    </datafield>
    <datafield tag="PRT" ind1=" " ind2=" ">
      <subfield code="updated">2019-11-16 17:42:12</subfield>
      <subfield code="i">61431637620003811</subfield>
      <subfield code="c">Academic Video Online</subfield>
      <subfield code="created">2019-11-16 17:42:08</subfield>
      <subfield code="j">62431637610003811</subfield>
      <subfield code="a">53478052750003811</subfield>
      <subfield code="b">https://sandbox01-na.alma.exlibrisgroup.com/view/uresolver/01TULI_INST/openurl?u.ignore_date_coverage=true&amp;rft.mms_id=991037330191703811</subfield>
      <subfield code="9">Available</subfield>
      <subfield code="8">53478052750003811</subfield>
    </datafield>
  </record>