
  <record>
    <leader>04283nmmZZ2200589MiZ4500</leader>
    <controlfield tag="006">m f a u</controlfield>
    <controlfield tag="007">cr mn mmmmuuuu</controlfield>
    <controlfield tag="008">181113s2012    miu    fo  a        eng d</controlfield>
    <controlfield tag="001">991036954978903811</controlfield>
    <datafield tag="035" ind1=" " ind2=" ">
      <subfield code="a">(MiAaI)ICPSR33489</subfield>
    </datafield>
    <datafield tag="040" ind1=" " ind2=" ">
      <subfield code="a">MiAaI</subfield>
      <subfield code="c">MiAaI</subfield>
    </datafield>
    <datafield tag="245" ind1="0" ind2="0">
      <subfield code="a">CBS News/60 Minutes/Vanity Fair National Survey, March #3, 2011</subfield>
      <subfield code="h">[electronic resource]</subfield>
      <subfield code="c">CBS News, 60 Minutes, Vanity Fair</subfield>
    </datafield>
    <datafield tag="250" ind1=" " ind2=" ">
      <subfield code="a">2012-06-01</subfield>
    </datafield>
    <datafield tag="260" ind1=" " ind2=" ">
      <subfield code="a">Ann Arbor, Mich.</subfield>
      <subfield code="b">Inter-university Consortium for Political and Social Research [distributor]</subfield>
      <subfield code="c">2012</subfield>
    </datafield>
    <datafield tag="490" ind1="1" ind2=" ">
      <subfield code="a">ICPSR</subfield>
      <subfield code="v">33489</subfield>
    </datafield>
    <datafield tag="490" ind1="1" ind2=" ">
      <subfield code="a">CBS News/New York Times Poll Series</subfield>
    </datafield>
    <datafield tag="516" ind1=" " ind2=" ">
      <subfield code="a">Numeric</subfield>
    </datafield>
    <datafield tag="538" ind1=" " ind2=" ">
      <subfield code="a">Mode of access: Intranet.</subfield>
    </datafield>
    <datafield tag="500" ind1=" " ind2=" ">
      <subfield code="a">Title from ICPSR DDI metadata of 2018-11-13.</subfield>
    </datafield>
    <datafield tag="506" ind1=" " ind2=" ">
      <subfield code="a">AVAILABLE. This study is freely available to ICPSR member institutions.</subfield>
    </datafield>
    <datafield tag="530" ind1=" " ind2=" ">
      <subfield code="a">Also available as downloadable files.</subfield>
    </datafield>
    <datafield tag="522" ind1=" " ind2=" ">
      <subfield code="a">United States</subfield>
    </datafield>
    <datafield tag="520" ind1="3" ind2=" ">
      <subfield code="a">This poll, fielded March 31 to April 3, 2011, is a part of a continuing series of monthly surveys that solicits public opinion on a range of political and social issues. Respondents were asked whether they approved of the way Barack Obama was handling his job as president, whether they thought the country was headed in the right direction, whether they felt they paid their fair share in federal income taxes, and whether they had already filed their income taxes. Opinions were gathered on the Catholic religion, Pope Benedict XVI, whether the Catholic Church has become more liberal or conservative under Pope Benedict, whether the Catholic Church is in touch with the needs of Catholics today, whether medical care at Catholic hospitals is better than that at non-Catholic hospitals, and whether Catholic hospitals perform legal medical procedures that go against church teachings. Respondents were queried on whether they thought that someone who practices artificial birth control, gets divorced, or has an abortion could still be a good Catholic, whether they thought that global warming is an environmental problem that is causing a serious impact now, and how much progress they thought has been made toward solving environmental problems since the first Earth Day 40 years ago. Respondents were then asked a number of questions about pets; whether they owned one, whether they considered it to be a member of the family, whether their pet slept with them, and how much money they would spend on them if they were sick. Additional topics included abortion, the legal drinking age, nuclear power plants, the space shuttle, Reuters, religious service attendance, the Tea Party movement, and the September 11, 2001 terrorist attacks. Demographic information includes sex, age, race, marital status, education level, household income, employment status, religious preference, type of residential area (e.g., urban or rural), political party affiliation, political philosophy, voter registration status, and whether respondents thought of themselves as born again Christians.Cf: http://doi.org/10.3886/ICPSR33489.v1</subfield>
    </datafield>
    <datafield tag="505" ind1="8" ind2=" ">
      <subfield code="t">Dataset</subfield>
    </datafield>
    <datafield tag="567" ind1=" " ind2=" ">
      <subfield code="a">Persons aged 18 years and older living in households with telephones in the United States.</subfield>
    </datafield>
    <datafield tag="590" ind1=" " ind2=" ">
      <subfield code="a">Access is available to the Temple Community through use of a networked computer with a Temple IP address.</subfield>
    </datafield>
    <datafield tag="650" ind1=" " ind2="7">
      <subfield code="a">abortion</subfield>
      <subfield code="2">icpsr</subfield>
    </datafield>
    <datafield tag="650" ind1=" " ind2="7">
      <subfield code="a">birth control</subfield>
      <subfield code="2">icpsr</subfield>
    </datafield>
    <datafield tag="650" ind1=" " ind2="7">
      <subfield code="a">Catholic Church</subfield>
      <subfield code="2">icpsr</subfield>
    </datafield>
    <datafield tag="650" ind1=" " ind2="7">
      <subfield code="a">divorce</subfield>
      <subfield code="2">icpsr</subfield>
    </datafield>
    <datafield tag="650" ind1=" " ind2="7">
      <subfield code="a">drinking age</subfield>
      <subfield code="2">icpsr</subfield>
    </datafield>
    <datafield tag="650" ind1=" " ind2="7">
      <subfield code="a">environment</subfield>
      <subfield code="2">icpsr</subfield>
    </datafield>
    <datafield tag="650" ind1=" " ind2="7">
      <subfield code="a">federal income tax</subfield>
      <subfield code="2">icpsr</subfield>
    </datafield>
    <datafield tag="650" ind1=" " ind2="7">
      <subfield code="a">global warming</subfield>
      <subfield code="2">icpsr</subfield>
    </datafield>
    <datafield tag="650" ind1=" " ind2="7">
      <subfield code="a">golf</subfield>
      <subfield code="2">icpsr</subfield>
    </datafield>
    <datafield tag="650" ind1=" " ind2="7">
      <subfield code="a">investments</subfield>
      <subfield code="2">icpsr</subfield>
    </datafield>
    <datafield tag="650" ind1=" " ind2="7">
      <subfield code="a">medical care</subfield>
      <subfield code="2">icpsr</subfield>
    </datafield>
    <datafield tag="650" ind1=" " ind2="7">
      <subfield code="a">nuclear power plants</subfield>
      <subfield code="2">icpsr</subfield>
    </datafield>
    <datafield tag="650" ind1=" " ind2="7">
      <subfield code="a">Obama, Barack</subfield>
      <subfield code="2">icpsr</subfield>
    </datafield>
    <datafield tag="650" ind1=" " ind2="7">
      <subfield code="a">Pope Benedict XVI</subfield>
      <subfield code="2">icpsr</subfield>
    </datafield>
    <datafield tag="650" ind1=" " ind2="7">
      <subfield code="a">public opinion</subfield>
      <subfield code="2">icpsr</subfield>
    </datafield>
    <datafield tag="650" ind1=" " ind2="7">
      <subfield code="a">religion</subfield>
      <subfield code="2">icpsr</subfield>
    </datafield>
    <datafield tag="650" ind1=" " ind2="7">
      <subfield code="a">space shuttle</subfield>
      <subfield code="2">icpsr</subfield>
    </datafield>
    <datafield tag="650" ind1=" " ind2="7">
      <subfield code="a">Tea Party movement</subfield>
      <subfield code="2">icpsr</subfield>
    </datafield>
    <datafield tag="653" ind1="0" ind2=" ">
      <subfield code="a">ICPSR XIV.C.1. Mass Political Behavior and Attitudes, Public Opinion on Political Matters, United States</subfield>
    </datafield>
    <datafield tag="710" ind1="2" ind2=" ">
      <subfield code="a">CBS News.</subfield>
    </datafield>
    <datafield tag="710" ind1="2" ind2=" ">
      <subfield code="a">60 Minutes</subfield>
    </datafield>
    <datafield tag="710" ind1="2" ind2=" ">
      <subfield code="a">Vanity Fair</subfield>
    </datafield>
    <datafield tag="710" ind1="2" ind2=" ">
      <subfield code="a">Inter-university Consortium for Political and Social Research.</subfield>
    </datafield>
    <datafield tag="830" ind1=" " ind2="0">
      <subfield code="a">ICPSR (Series)</subfield>
      <subfield code="v">33489</subfield>
    </datafield>
    <datafield tag="856" ind1="4" ind2="0">
      <subfield code="z">Access restricted ; authentication may be required:</subfield>
      <subfield code="u">http://doi.org/10.3886/ICPSR33489.v1</subfield>
    </datafield>
    <datafield tag="902" ind1=" " ind2=" ">
      <subfield code="a">ICPSR Datasets 20181113</subfield>
    </datafield>
    <datafield tag="979" ind1=" " ind2=" ">
      <subfield code="a">ICPSR33489</subfield>
    </datafield>
    <datafield tag="ADM" ind1=" " ind2=" ">
      <subfield code="b">2019-01-01 08:31:50</subfield>
      <subfield code="e">ICPSR33489</subfield>
      <subfield code="d">OTHER</subfield>
      <subfield code="a">2018-11-16 21:19:11</subfield>
      <subfield code="c">false</subfield>
    </datafield>
    <datafield tag="PRT" ind1=" " ind2=" ">
      <subfield code="updated">2018-11-20 21:59:22</subfield>
      <subfield code="i">61403045390003811</subfield>
      <subfield code="c">ICPSR</subfield>
      <subfield code="created">2018-11-16 21:19:22</subfield>
      <subfield code="j">62403045380003811</subfield>
      <subfield code="a">53439129460003811</subfield>
      <subfield code="b">https://sandbox01-na.alma.exlibrisgroup.com/view/uresolver/01TULI_INST/openurl?u.ignore_date_coverage=true&amp;rft.mms_id=991036954978903811</subfield>
      <subfield code="9">Available</subfield>
      <subfield code="8">53439129460003811</subfield>
    </datafield>
  </record>