
  <record>
    <leader>03774nmmZZ2200529MiZ4500</leader>
    <controlfield tag="006">m f a u</controlfield>
    <controlfield tag="007">cr mn mmmmuuuu</controlfield>
    <controlfield tag="008">181113s2010    miu    fo  a        eng d</controlfield>
    <controlfield tag="001">991036954714103811</controlfield>
    <datafield tag="035" ind1=" " ind2=" ">
      <subfield code="a">(MiAaI)ICPSR26948</subfield>
    </datafield>
    <datafield tag="040" ind1=" " ind2=" ">
      <subfield code="a">MiAaI</subfield>
      <subfield code="c">MiAaI</subfield>
    </datafield>
    <datafield tag="245" ind1="0" ind2="0">
      <subfield code="a">CBS News Monthly Poll, May 2009</subfield>
      <subfield code="h">[electronic resource]</subfield>
      <subfield code="c">CBS News</subfield>
    </datafield>
    <datafield tag="250" ind1=" " ind2=" ">
      <subfield code="a">2010-07-09</subfield>
    </datafield>
    <datafield tag="260" ind1=" " ind2=" ">
      <subfield code="a">Ann Arbor, Mich.</subfield>
      <subfield code="b">Inter-university Consortium for Political and Social Research [distributor]</subfield>
      <subfield code="c">2010</subfield>
    </datafield>
    <datafield tag="490" ind1="1" ind2=" ">
      <subfield code="a">ICPSR</subfield>
      <subfield code="v">26948</subfield>
    </datafield>
    <datafield tag="490" ind1="1" ind2=" ">
      <subfield code="a">CBS News/New York Times Poll Series</subfield>
    </datafield>
    <datafield tag="516" ind1=" " ind2=" ">
      <subfield code="a">Numeric</subfield>
    </datafield>
    <datafield tag="538" ind1=" " ind2=" ">
      <subfield code="a">Mode of access: Intranet.</subfield>
    </datafield>
    <datafield tag="500" ind1=" " ind2=" ">
      <subfield code="a">Title from ICPSR DDI metadata of 2018-11-13.</subfield>
    </datafield>
    <datafield tag="506" ind1=" " ind2=" ">
      <subfield code="a">AVAILABLE. This study is freely available to ICPSR member institutions.</subfield>
    </datafield>
    <datafield tag="530" ind1=" " ind2=" ">
      <subfield code="a">Also available as downloadable files.</subfield>
    </datafield>
    <datafield tag="522" ind1=" " ind2=" ">
      <subfield code="a">United States</subfield>
    </datafield>
    <datafield tag="520" ind1="3" ind2=" ">
      <subfield code="a">This poll, fielded May 6-12, 2009, is part of a continuing series of monthly surveys that solicit public opinion on the presidency and on a range of other political and social issues. Respondents were asked whether they approved of the way Barack Obama was handling the presidency and the economy, whether they thought things in the country were on the right track, their rating of the national economy and whether they thought the economy would get better. Respondents were asked several questions about how the recession was affecting their personal lives including questions about the main way they were affected by the recession, how much the recession affected their children's lives and their communities, and whether they did any of the following things for their children in the previous six months as a result of the recession: applied for Medicaid, delayed visits to the dentist, doctor, or a specialist, reduced or not purchased medication, or cut back on extra-curricular activities. Respondents were also asked whether it had become easier or harder to pay for things such as groceries, medical bills, their children's tuition/schooling, housing costs, and utilities in the previous six months and whether they were concerned about H1N1 or the Swine Flu virus, Barack Obama's Supreme Court Justice nominations, health care insurance, how the federal government should use taxpayer's money, and job security. Demographic variables include sex, age, race, marital status, education level, household income, political party affiliation, political philosophy, perceived social class, religious preference, whether the respondent considered themselves to be a born-again Christian, and voter registration status and participation history.Cf: http://doi.org/10.3886/ICPSR26948.v1</subfield>
    </datafield>
    <datafield tag="505" ind1="8" ind2=" ">
      <subfield code="t">Dataset</subfield>
    </datafield>
    <datafield tag="567" ind1=" " ind2=" ">
      <subfield code="a">Persons aged 18 years and older living in households with telephones in the United States.</subfield>
    </datafield>
    <datafield tag="590" ind1=" " ind2=" ">
      <subfield code="a">Access is available to the Temple Community through use of a networked computer with a Temple IP address.</subfield>
    </datafield>
    <datafield tag="650" ind1=" " ind2="7">
      <subfield code="a">attitudes</subfield>
      <subfield code="2">icpsr</subfield>
    </datafield>
    <datafield tag="650" ind1=" " ind2="7">
      <subfield code="a">economic conditions</subfield>
      <subfield code="2">icpsr</subfield>
    </datafield>
    <datafield tag="650" ind1=" " ind2="7">
      <subfield code="a">expectations</subfield>
      <subfield code="2">icpsr</subfield>
    </datafield>
    <datafield tag="650" ind1=" " ind2="7">
      <subfield code="a">health care costs</subfield>
      <subfield code="2">icpsr</subfield>
    </datafield>
    <datafield tag="650" ind1=" " ind2="7">
      <subfield code="a">health insurance</subfield>
      <subfield code="2">icpsr</subfield>
    </datafield>
    <datafield tag="650" ind1=" " ind2="7">
      <subfield code="a">household income</subfield>
      <subfield code="2">icpsr</subfield>
    </datafield>
    <datafield tag="650" ind1=" " ind2="7">
      <subfield code="a">housing costs</subfield>
      <subfield code="2">icpsr</subfield>
    </datafield>
    <datafield tag="650" ind1=" " ind2="7">
      <subfield code="a">job security</subfield>
      <subfield code="2">icpsr</subfield>
    </datafield>
    <datafield tag="650" ind1=" " ind2="7">
      <subfield code="a">national economy</subfield>
      <subfield code="2">icpsr</subfield>
    </datafield>
    <datafield tag="650" ind1=" " ind2="7">
      <subfield code="a">Obama Administration (2009- )</subfield>
      <subfield code="2">icpsr</subfield>
    </datafield>
    <datafield tag="650" ind1=" " ind2="7">
      <subfield code="a">Obama, Barack</subfield>
      <subfield code="2">icpsr</subfield>
    </datafield>
    <datafield tag="650" ind1=" " ind2="7">
      <subfield code="a">personal finances</subfield>
      <subfield code="2">icpsr</subfield>
    </datafield>
    <datafield tag="650" ind1=" " ind2="7">
      <subfield code="a">presidency</subfield>
      <subfield code="2">icpsr</subfield>
    </datafield>
    <datafield tag="650" ind1=" " ind2="7">
      <subfield code="a">presidential performance</subfield>
      <subfield code="2">icpsr</subfield>
    </datafield>
    <datafield tag="650" ind1=" " ind2="7">
      <subfield code="a">public opinion</subfield>
      <subfield code="2">icpsr</subfield>
    </datafield>
    <datafield tag="653" ind1="0" ind2=" ">
      <subfield code="a">ICPSR XIV.C.1. Mass Political Behavior and Attitudes, Public Opinion on Political Matters, United States</subfield>
    </datafield>
    <datafield tag="710" ind1="2" ind2=" ">
      <subfield code="a">CBS News.</subfield>
    </datafield>
    <datafield tag="710" ind1="2" ind2=" ">
      <subfield code="a">Inter-university Consortium for Political and Social Research.</subfield>
    </datafield>
    <datafield tag="830" ind1=" " ind2="0">
      <subfield code="a">ICPSR (Series)</subfield>
      <subfield code="v">26948</subfield>
    </datafield>
    <datafield tag="856" ind1="4" ind2="0">
      <subfield code="z">Access restricted ; authentication may be required:</subfield>
      <subfield code="u">http://doi.org/10.3886/ICPSR26948.v1</subfield>
    </datafield>
    <datafield tag="902" ind1=" " ind2=" ">
      <subfield code="a">ICPSR Datasets 20181113</subfield>
    </datafield>
    <datafield tag="979" ind1=" " ind2=" ">
      <subfield code="a">ICPSR26948</subfield>
    </datafield>
    <datafield tag="ADM" ind1=" " ind2=" ">
      <subfield code="b">2019-01-01 08:17:22</subfield>
      <subfield code="e">ICPSR26948</subfield>
      <subfield code="d">OTHER</subfield>
      <subfield code="a">2018-11-16 21:18:20</subfield>
      <subfield code="c">false</subfield>
    </datafield>
    <datafield tag="PRT" ind1=" " ind2=" ">
      <subfield code="updated">2018-11-20 21:58:53</subfield>
      <subfield code="i">61403045390003811</subfield>
      <subfield code="c">ICPSR</subfield>
      <subfield code="created">2018-11-16 21:18:37</subfield>
      <subfield code="j">62403045380003811</subfield>
      <subfield code="a">53439084780003811</subfield>
      <subfield code="b">https://sandbox01-na.alma.exlibrisgroup.com/view/uresolver/01TULI_INST/openurl?u.ignore_date_coverage=true&amp;rft.mms_id=991036954714103811</subfield>
      <subfield code="9">Available</subfield>
      <subfield code="8">53439084780003811</subfield>
    </datafield>
  </record>