
  <record>
    <leader>06400nmmZZ2200721MiZ4500</leader>
    <controlfield tag="006">m f a u</controlfield>
    <controlfield tag="007">cr mn mmmmuuuu</controlfield>
    <controlfield tag="008">181113s2011    miu    fo  a        eng d</controlfield>
    <controlfield tag="001">991036954614903811</controlfield>
    <datafield tag="035" ind1=" " ind2=" ">
      <subfield code="a">(MiAaI)ICPSR22584</subfield>
    </datafield>
    <datafield tag="040" ind1=" " ind2=" ">
      <subfield code="a">MiAaI</subfield>
      <subfield code="c">MiAaI</subfield>
    </datafield>
    <datafield tag="245" ind1="0" ind2="0">
      <subfield code="a">CBS News Monthly Poll #1, September 2007</subfield>
      <subfield code="h">[electronic resource]</subfield>
      <subfield code="c">CBS News</subfield>
    </datafield>
    <datafield tag="250" ind1=" " ind2=" ">
      <subfield code="a">2011-07-22</subfield>
    </datafield>
    <datafield tag="260" ind1=" " ind2=" ">
      <subfield code="a">Ann Arbor, Mich.</subfield>
      <subfield code="b">Inter-university Consortium for Political and Social Research [distributor]</subfield>
      <subfield code="c">2011</subfield>
    </datafield>
    <datafield tag="490" ind1="1" ind2=" ">
      <subfield code="a">ICPSR</subfield>
      <subfield code="v">22584</subfield>
    </datafield>
    <datafield tag="490" ind1="1" ind2=" ">
      <subfield code="a">CBS News/New York Times Poll Series</subfield>
    </datafield>
    <datafield tag="516" ind1=" " ind2=" ">
      <subfield code="a">Numeric</subfield>
    </datafield>
    <datafield tag="538" ind1=" " ind2=" ">
      <subfield code="a">Mode of access: Intranet.</subfield>
    </datafield>
    <datafield tag="500" ind1=" " ind2=" ">
      <subfield code="a">Title from ICPSR DDI metadata of 2018-11-13.</subfield>
    </datafield>
    <datafield tag="506" ind1=" " ind2=" ">
      <subfield code="a">AVAILABLE. This study is freely available to ICPSR member institutions.</subfield>
    </datafield>
    <datafield tag="530" ind1=" " ind2=" ">
      <subfield code="a">Also available as downloadable files.</subfield>
    </datafield>
    <datafield tag="522" ind1=" " ind2=" ">
      <subfield code="a">United States</subfield>
    </datafield>
    <datafield tag="520" ind1="3" ind2=" ">
      <subfield code="a">This poll, fielded September 4-8, 2007, is part of a continuing series of monthly surveys that solicits public opinion on the presidency and on a range of other political and social issues. A national sample of 1,264 adults were surveyed, including an oversample 130 individuals with family members who are now serving in the United States armed forces or the United States reserves. Respondents were asked whether they approved of the way George W. Bush was handling his job as president, whether they approved of the way Bush was handling the war in Iraq, foreign policy, the economy, and the United States campaign against terrorism. Respondents were also asked whether they approved of the way Congress was handling its job, whether they thought the country was going in the right direction, and what they thought was the most important problem facing the country. Respondents were asked to rate the condition of the national economy, whether they thought the economy was getting better, whether they thought removing Saddam Hussein from power was worth the loss of American life and other costs of attacking Iraq, and whether they served in the United States armed forces or had any family members that served. Information was collected on how much attention respondents paid to the 2008 presidential campaign, whether respondents thought abortion should be available to those who want it, whether presidential candidates should be judged on their political records and personal lives, and whether they would vote for the Republican candidate or the Democratic candidate in the 2008 presidential election. Opinions were sought on whether being mayor of a large city, a United States Senator, or a governor was the right kind of experience for becoming president of the United States. Opinions were also sought on the Democratic Party, the Republican Party, Rudy Giuliani, John McCain, Mitt Romney, Fred Thompson, John Edwards, Barack Obama, and Hillary Clinton. Respondents were then asked a number of questions regarding Rudy Giuliani's positions and policies such as why the Republican party should nominate him as its presidential candidate, whether respondents knew his positions on issues, whether he'd do a better job fighting terrorism, whether he was more conservative compared to other presidential candidates, how well he handled the September 11th attacks on the World Trade Center, and whether the policies of his administration caused crime to decrease or caused race relations to improve. Questions about the war in Iraq included whether the United States was right in taking military action against Iraq, how respondents thought things were going for the United States in Iraq, whether the United States should increase the number of troops in Iraq, what party they thought would be more likely to make the right decisions on the war in Iraq, whether they thought that the war in Iraq was part of the war on terrorism, whether they thought there would be more or less violence in Iraq if the United States troops withdrew, what they thought the biggest accomplishment was in the Iraq War, and how likely they thought it was that another terrorist attack would happen in the United States. Finally, respondents were asked which party they thought had higher ethical standards, whether they were following the news about recent talks between Iran and the United States, and whether they thought Iran was a threat to the United States. Demographic information includes sex, age, race, marital status, education level, household income, military service, religious preference, type of residential area (e.g., urban or rural), political party affiliation, political philosophy, and voter registration status.Cf: http://doi.org/10.3886/ICPSR22584.v1</subfield>
    </datafield>
    <datafield tag="505" ind1="8" ind2=" ">
      <subfield code="t">Dataset</subfield>
    </datafield>
    <datafield tag="567" ind1=" " ind2=" ">
      <subfield code="a">Persons aged 18 years and older living in households with telephones in the United States.</subfield>
    </datafield>
    <datafield tag="590" ind1=" " ind2=" ">
      <subfield code="a">Access is available to the Temple Community through use of a networked computer with a Temple IP address.</subfield>
    </datafield>
    <datafield tag="650" ind1=" " ind2="7">
      <subfield code="a">abortion</subfield>
      <subfield code="2">icpsr</subfield>
    </datafield>
    <datafield tag="650" ind1=" " ind2="7">
      <subfield code="a">Afghanistan War</subfield>
      <subfield code="2">icpsr</subfield>
    </datafield>
    <datafield tag="650" ind1=" " ind2="7">
      <subfield code="a">al Qaeda</subfield>
      <subfield code="2">icpsr</subfield>
    </datafield>
    <datafield tag="650" ind1=" " ind2="7">
      <subfield code="a">attitudes</subfield>
      <subfield code="2">icpsr</subfield>
    </datafield>
    <datafield tag="650" ind1=" " ind2="7">
      <subfield code="a">Bush Administration (George W., 2001-2009)</subfield>
      <subfield code="2">icpsr</subfield>
    </datafield>
    <datafield tag="650" ind1=" " ind2="7">
      <subfield code="a">Bush, George W.</subfield>
      <subfield code="2">icpsr</subfield>
    </datafield>
    <datafield tag="650" ind1=" " ind2="7">
      <subfield code="a">celebrities</subfield>
      <subfield code="2">icpsr</subfield>
    </datafield>
    <datafield tag="650" ind1=" " ind2="7">
      <subfield code="a">Clinton, Hillary</subfield>
      <subfield code="2">icpsr</subfield>
    </datafield>
    <datafield tag="650" ind1=" " ind2="7">
      <subfield code="a">Democratic Party (USA)</subfield>
      <subfield code="2">icpsr</subfield>
    </datafield>
    <datafield tag="650" ind1=" " ind2="7">
      <subfield code="a">Edwards, John</subfield>
      <subfield code="2">icpsr</subfield>
    </datafield>
    <datafield tag="650" ind1=" " ind2="7">
      <subfield code="a">elections</subfield>
      <subfield code="2">icpsr</subfield>
    </datafield>
    <datafield tag="650" ind1=" " ind2="7">
      <subfield code="a">foreign policy</subfield>
      <subfield code="2">icpsr</subfield>
    </datafield>
    <datafield tag="650" ind1=" " ind2="7">
      <subfield code="a">Giuliani, Rudolph</subfield>
      <subfield code="2">icpsr</subfield>
    </datafield>
    <datafield tag="650" ind1=" " ind2="7">
      <subfield code="a">Hussein, Saddam</subfield>
      <subfield code="2">icpsr</subfield>
    </datafield>
    <datafield tag="650" ind1=" " ind2="7">
      <subfield code="a">Iraq War</subfield>
      <subfield code="2">icpsr</subfield>
    </datafield>
    <datafield tag="650" ind1=" " ind2="7">
      <subfield code="a">McCain, John</subfield>
      <subfield code="2">icpsr</subfield>
    </datafield>
    <datafield tag="650" ind1=" " ind2="7">
      <subfield code="a">military strength</subfield>
      <subfield code="2">icpsr</subfield>
    </datafield>
    <datafield tag="650" ind1=" " ind2="7">
      <subfield code="a">national economy</subfield>
      <subfield code="2">icpsr</subfield>
    </datafield>
    <datafield tag="650" ind1=" " ind2="7">
      <subfield code="a">Obama, Barack</subfield>
      <subfield code="2">icpsr</subfield>
    </datafield>
    <datafield tag="650" ind1=" " ind2="7">
      <subfield code="a">presidential campaigns</subfield>
      <subfield code="2">icpsr</subfield>
    </datafield>
    <datafield tag="650" ind1=" " ind2="7">
      <subfield code="a">presidential candidates</subfield>
      <subfield code="2">icpsr</subfield>
    </datafield>
    <datafield tag="650" ind1=" " ind2="7">
      <subfield code="a">presidential elections</subfield>
      <subfield code="2">icpsr</subfield>
    </datafield>
    <datafield tag="650" ind1=" " ind2="7">
      <subfield code="a">primary elections</subfield>
      <subfield code="2">icpsr</subfield>
    </datafield>
    <datafield tag="650" ind1=" " ind2="7">
      <subfield code="a">public opinion</subfield>
      <subfield code="2">icpsr</subfield>
    </datafield>
    <datafield tag="650" ind1=" " ind2="7">
      <subfield code="a">Republican Party (USA)</subfield>
      <subfield code="2">icpsr</subfield>
    </datafield>
    <datafield tag="650" ind1=" " ind2="7">
      <subfield code="a">Romney, Mitt</subfield>
      <subfield code="2">icpsr</subfield>
    </datafield>
    <datafield tag="650" ind1=" " ind2="7">
      <subfield code="a">September 11 attack</subfield>
      <subfield code="2">icpsr</subfield>
    </datafield>
    <datafield tag="650" ind1=" " ind2="7">
      <subfield code="a">terrorism</subfield>
      <subfield code="2">icpsr</subfield>
    </datafield>
    <datafield tag="650" ind1=" " ind2="7">
      <subfield code="a">terrorist attacks</subfield>
      <subfield code="2">icpsr</subfield>
    </datafield>
    <datafield tag="650" ind1=" " ind2="7">
      <subfield code="a">Thompson, Fred</subfield>
      <subfield code="2">icpsr</subfield>
    </datafield>
    <datafield tag="650" ind1=" " ind2="7">
      <subfield code="a">United States Congress</subfield>
      <subfield code="2">icpsr</subfield>
    </datafield>
    <datafield tag="653" ind1="0" ind2=" ">
      <subfield code="a">ICPSR XIV.C.1. Mass Political Behavior and Attitudes, Public Opinion on Political Matters, United States</subfield>
    </datafield>
    <datafield tag="710" ind1="2" ind2=" ">
      <subfield code="a">CBS News.</subfield>
    </datafield>
    <datafield tag="710" ind1="2" ind2=" ">
      <subfield code="a">Inter-university Consortium for Political and Social Research.</subfield>
    </datafield>
    <datafield tag="830" ind1=" " ind2="0">
      <subfield code="a">ICPSR (Series)</subfield>
      <subfield code="v">22584</subfield>
    </datafield>
    <datafield tag="856" ind1="4" ind2="0">
      <subfield code="z">Access restricted ; authentication may be required:</subfield>
      <subfield code="u">http://doi.org/10.3886/ICPSR22584.v1</subfield>
    </datafield>
    <datafield tag="902" ind1=" " ind2=" ">
      <subfield code="a">ICPSR Datasets 20181113</subfield>
    </datafield>
    <datafield tag="979" ind1=" " ind2=" ">
      <subfield code="a">ICPSR22584</subfield>
    </datafield>
    <datafield tag="ADM" ind1=" " ind2=" ">
      <subfield code="b">2019-01-01 10:29:42</subfield>
      <subfield code="e">ICPSR22584</subfield>
      <subfield code="d">OTHER</subfield>
      <subfield code="a">2018-11-16 21:17:29</subfield>
      <subfield code="c">false</subfield>
    </datafield>
    <datafield tag="PRT" ind1=" " ind2=" ">
      <subfield code="updated">2018-11-20 21:58:24</subfield>
      <subfield code="i">61403045390003811</subfield>
      <subfield code="c">ICPSR</subfield>
      <subfield code="created">2018-11-16 21:17:41</subfield>
      <subfield code="j">62403045380003811</subfield>
      <subfield code="a">53439053090003811</subfield>
      <subfield code="b">https://sandbox01-na.alma.exlibrisgroup.com/view/uresolver/01TULI_INST/openurl?u.ignore_date_coverage=true&amp;rft.mms_id=991036954614903811</subfield>
      <subfield code="9">Available</subfield>
      <subfield code="8">53439053090003811</subfield>
    </datafield>
  </record>