
  <record>
    <leader>05997cam a2200673Ii 4500</leader>
    <controlfield tag="005">20190715090926.0</controlfield>
    <controlfield tag="008">130401s2013    maua   e b    001 0 eng d</controlfield>
    <controlfield tag="001">991000271549703811</controlfield>
    <datafield tag="010" ind1=" " ind2=" ">
      <subfield code="a">2013010442</subfield>
    </datafield>
    <datafield tag="020" ind1=" " ind2=" ">
      <subfield code="a">9780824212148</subfield>
      <subfield code="q">(issue 3, pbk.)</subfield>
    </datafield>
    <datafield tag="020" ind1=" " ind2=" ">
      <subfield code="a">0824212142</subfield>
      <subfield code="q">(issue 3, pbk.)</subfield>
    </datafield>
    <datafield tag="020" ind1=" " ind2=" ">
      <subfield code="z">9780824212117</subfield>
      <subfield code="q">(volume 85)</subfield>
    </datafield>
    <datafield tag="020" ind1=" " ind2=" ">
      <subfield code="z">0824212118</subfield>
      <subfield code="q">(volume 85)</subfield>
    </datafield>
    <datafield tag="035" ind1=" " ind2=" ">
      <subfield code="a">(PPT)b55163889-01tuli_inst</subfield>
    </datafield>
    <datafield tag="035" ind1=" " ind2=" ">
      <subfield code="a">(OCoLC)ocn864928149</subfield>
      <subfield code="9">ExL</subfield>
    </datafield>
    <datafield tag="035" ind1=" " ind2=" ">
      <subfield code="a">(OCoLC)852727180</subfield>
    </datafield>
    <datafield tag="035" ind1=" " ind2=" ">
      <subfield code="a">ocn852727180</subfield>
    </datafield>
    <datafield tag="035" ind1=" " ind2=" ">
      <subfield code="a">(OCLC)ocn852727180</subfield>
    </datafield>
    <datafield tag="040" ind1=" " ind2=" ">
      <subfield code="a">IN4</subfield>
      <subfield code="b">eng</subfield>
      <subfield code="e">rda</subfield>
      <subfield code="c">IN4</subfield>
      <subfield code="d">OCLCO</subfield>
      <subfield code="d">LTSCA</subfield>
    </datafield>
    <datafield tag="043" ind1=" " ind2=" ">
      <subfield code="a">cl-----</subfield>
    </datafield>
    <datafield tag="050" ind1="0" ind2="0">
      <subfield code="a">HF1456.5.M6</subfield>
      <subfield code="b">F88 2013</subfield>
    </datafield>
    <datafield tag="079" ind1=" " ind2=" ">
      <subfield code="a">ocn852727180</subfield>
    </datafield>
    <datafield tag="090" ind1=" " ind2=" ">
      <subfield code="a">PN4181</subfield>
      <subfield code="b">.R33 v.85 no.3</subfield>
    </datafield>
    <datafield tag="245" ind1="0" ind2="0">
      <subfield code="a">U.S. National debate topic 2012-2013.</subfield>
      <subfield code="p">The future of US economic relations :</subfield>
      <subfield code="b">Mexico, Cuba, and Venezuela.</subfield>
    </datafield>
    <datafield tag="246" ind1="3" ind2="0">
      <subfield code="a">Future of US economic relations :</subfield>
      <subfield code="b">Mexico, Cuba, and Venezuela</subfield>
    </datafield>
    <datafield tag="264" ind1=" " ind2="1">
      <subfield code="a">Ipswich, MA :</subfield>
      <subfield code="b">H.W. Wilson, A Division of EBSCO Pub., Inc.,</subfield>
      <subfield code="c">2013.</subfield>
    </datafield>
    <datafield tag="300" ind1=" " ind2=" ">
      <subfield code="a">xii, 195 pages :</subfield>
      <subfield code="b">illustrations ;</subfield>
      <subfield code="c">26 cm.</subfield>
    </datafield>
    <datafield tag="336" ind1=" " ind2=" ">
      <subfield code="a">text</subfield>
      <subfield code="b">txt</subfield>
      <subfield code="2">rdacontent</subfield>
    </datafield>
    <datafield tag="337" ind1=" " ind2=" ">
      <subfield code="a">unmediated</subfield>
      <subfield code="b">n</subfield>
      <subfield code="2">rdamedia</subfield>
    </datafield>
    <datafield tag="338" ind1=" " ind2=" ">
      <subfield code="a">volume</subfield>
      <subfield code="b">nc</subfield>
      <subfield code="2">rdacarrier</subfield>
    </datafield>
    <datafield tag="385" ind1=" " ind2=" ">
      <subfield code="n">age</subfield>
      <subfield code="a">Adults</subfield>
      <subfield code="2">lcdgt</subfield>
    </datafield>
    <datafield tag="490" ind1="1" ind2=" ">
      <subfield code="a">The reference shelf ;</subfield>
      <subfield code="v">v. 85, no. 3</subfield>
    </datafield>
    <datafield tag="504" ind1=" " ind2=" ">
      <subfield code="a">Includes bibliographical references (pages 189-190) and index.</subfield>
    </datafield>
    <datafield tag="505" ind1="0" ind2=" ">
      <subfield code="a">1. Latin America in the twenty-first century : -- The future of US-Latin American relations -- Gini back in the bottle: an unequal continent is becoming less so -- Analysis: Obama faces Latin America revolt over drugs, trade -- The shameful legacy of the Monroe Doctrine: militarizing Latin America -- Obama seeks CEO's help in Latin America -- Remarks by President Obama at CEO Summit of Americas -- Latin America and the United States: Looking towards 2020 ; -- 2. NAFTA twenty years later : -- Assessing NAFTA; -- In our opinion: NAFTA's success shows importance of free trade -- After some sluggish years, NAFTA creates border boomtowns -- Last great interstate: a NAFTA highway fraught with controversy -- The failures of NAFTA -- NAFTA: birth of a free trade world -- Remarks at the Center for Strategic and International Studies (CSIS) on Latin America ; -- 3. After Castro: Cuba's revolution at crossroads : -- Cuba: an imminent thaw? -- U.S. aggression towards Cuba continues: increase U.S. support to counter-revolutionary groups -- U.S.-Cuba policy: ending 50 years of failure -- Cuban economy is still stagnant despite reforms: Cuban National -- Time to end the Cuba embargo ; -- 4. Venezuela's socialist experiment : -- Venezuela post Chavez -- Chavez or not, it's time to rethink the U.S.-Venezuela relationship -- Hugo Chavez: man against the world -- Chavez's economic lesson for Europe -- Investors who think Venezuela's economy will open up after Chavez have another thing coming ; -- 5. The rise of Mexico ; -- The United States and Mexico: achieving a balance -- The ebbing Mexican War -- Remarks to the Association of American Chambers of Commerce in Latin America -- Immigration reform and the English language -- Ambassador Wayne's remarks at U.S. Chamber breakfast -- For returning migrants, good news about Mexico's economy doesn't apply -- A more ambitious agenda: a report of the Inter-American Dialogue's commission on Mexico-US relations -- Highlighting the US-Mexico economic relationship ; -- 6. Poverty and inequality in the Americas : -- The economics of women and children -- Poverty in Latin America lowest in three decades, U.N. says -- Poverty and inequality -- Talking about Poverty with Greg Kaufman -- Remarks by President Obama on Latin America in Santiago, Chile.</subfield>
    </datafield>
    <datafield tag="650" ind1="2" ind2="7">
      <subfield code="a">Relations.</subfield>
      <subfield code="2">fast</subfield>
      <subfield code="0">http://id.worldcat.org/fast/1892706</subfield>
    </datafield>
    <datafield tag="650" ind1="2" ind2="7">
      <subfield code="a">International economic relations.</subfield>
      <subfield code="2">fast</subfield>
      <subfield code="0">http://id.worldcat.org/fast/976891</subfield>
    </datafield>
    <datafield tag="651" ind1=" " ind2="0">
      <subfield code="a">United States</subfield>
      <subfield code="x">Foreign economic relations</subfield>
      <subfield code="z">Mexico.</subfield>
      <subfield code="0">http://id.loc.gov/authorities/subjects/sh2007100035</subfield>
    </datafield>
    <datafield tag="651" ind1=" " ind2="0">
      <subfield code="a">Mexico</subfield>
      <subfield code="x">Foreign economic relations</subfield>
      <subfield code="z">United States.</subfield>
      <subfield code="0">http://id.loc.gov/authorities/subjects/sh2007100326</subfield>
    </datafield>
    <datafield tag="651" ind1=" " ind2="0">
      <subfield code="a">United States</subfield>
      <subfield code="x">Relations</subfield>
      <subfield code="z">Mexico.</subfield>
      <subfield code="0">http://id.loc.gov/authorities/subjects/sh2007100096</subfield>
    </datafield>
    <datafield tag="651" ind1=" " ind2="0">
      <subfield code="a">Mexico</subfield>
      <subfield code="x">Relations</subfield>
      <subfield code="z">United States.</subfield>
      <subfield code="0">http://id.loc.gov/authorities/subjects/sh2007100306</subfield>
    </datafield>
    <datafield tag="651" ind1=" " ind2="0">
      <subfield code="a">United States</subfield>
      <subfield code="x">Foreign economic relations</subfield>
      <subfield code="z">Cuba.</subfield>
      <subfield code="0">http://id.loc.gov/authorities/subjects/sh85140052</subfield>
      <subfield code="0">http://id.loc.gov/authorities/names/n79079435</subfield>
    </datafield>
    <datafield tag="651" ind1=" " ind2="0">
      <subfield code="a">Cuba</subfield>
      <subfield code="x">Foreign economic relations</subfield>
      <subfield code="z">United States.</subfield>
      <subfield code="0">http://id.loc.gov/authorities/names/n79079435</subfield>
      <subfield code="0">http://id.loc.gov/authorities/subjects/sh00005782</subfield>
      <subfield code="0">http://id.loc.gov/authorities/names/n78095330</subfield>
    </datafield>
    <datafield tag="651" ind1=" " ind2="7">
      <subfield code="a">Cuba.</subfield>
      <subfield code="2">fast</subfield>
      <subfield code="0">http://id.worldcat.org/fast/1205805</subfield>
    </datafield>
    <datafield tag="651" ind1=" " ind2="0">
      <subfield code="a">United States</subfield>
      <subfield code="x">Relations</subfield>
      <subfield code="z">Cuba.</subfield>
      <subfield code="0">http://id.loc.gov/authorities/subjects/sh2007100090</subfield>
    </datafield>
    <datafield tag="651" ind1=" " ind2="0">
      <subfield code="a">Cuba</subfield>
      <subfield code="x">Relations</subfield>
      <subfield code="z">United States.</subfield>
      <subfield code="0">http://id.loc.gov/authorities/subjects/sh2008101334</subfield>
    </datafield>
    <datafield tag="651" ind1=" " ind2="0">
      <subfield code="a">United States</subfield>
      <subfield code="x">Foreign economic relations</subfield>
      <subfield code="z">Venezuela.</subfield>
      <subfield code="0">http://id.loc.gov/authorities/subjects/sh85140052</subfield>
      <subfield code="0">http://id.loc.gov/authorities/names/n78095508</subfield>
    </datafield>
    <datafield tag="651" ind1=" " ind2="0">
      <subfield code="a">Venezuela</subfield>
      <subfield code="x">Foreign economic relations</subfield>
      <subfield code="z">United States.</subfield>
      <subfield code="0">http://id.loc.gov/authorities/names/n78095508</subfield>
      <subfield code="0">http://id.loc.gov/authorities/subjects/sh00005782</subfield>
      <subfield code="0">http://id.loc.gov/authorities/names/n78095330</subfield>
    </datafield>
    <datafield tag="651" ind1=" " ind2="7">
      <subfield code="a">Venezuela.</subfield>
      <subfield code="2">fast</subfield>
      <subfield code="0">http://id.worldcat.org/fast/1204166</subfield>
    </datafield>
    <datafield tag="651" ind1=" " ind2="0">
      <subfield code="a">United States</subfield>
      <subfield code="x">Relations</subfield>
      <subfield code="z">Venezuela.</subfield>
      <subfield code="0">http://id.loc.gov/authorities/subjects/sh85140497</subfield>
      <subfield code="0">http://id.loc.gov/authorities/names/n78095508</subfield>
    </datafield>
    <datafield tag="651" ind1=" " ind2="0">
      <subfield code="a">Venezuela</subfield>
      <subfield code="x">Relations</subfield>
      <subfield code="z">United States.</subfield>
      <subfield code="0">http://id.loc.gov/authorities/names/n78095508</subfield>
      <subfield code="0">http://id.loc.gov/authorities/subjects/sh00007590</subfield>
      <subfield code="0">http://id.loc.gov/authorities/names/n78095330</subfield>
    </datafield>
    <datafield tag="651" ind1="1" ind2="7">
      <subfield code="a">Venezuela.</subfield>
      <subfield code="2">fast</subfield>
      <subfield code="0">http://id.worldcat.org/fast/1204166</subfield>
    </datafield>
    <datafield tag="651" ind1="2" ind2="7">
      <subfield code="a">United States.</subfield>
      <subfield code="2">fast</subfield>
      <subfield code="0">http://id.worldcat.org/fast/1204155</subfield>
    </datafield>
    <datafield tag="651" ind1="1" ind2="7">
      <subfield code="a">United States.</subfield>
      <subfield code="2">fast</subfield>
      <subfield code="0">http://id.worldcat.org/fast/1204155</subfield>
    </datafield>
    <datafield tag="651" ind1="2" ind2="7">
      <subfield code="a">Venezuela.</subfield>
      <subfield code="2">fast</subfield>
      <subfield code="0">http://id.worldcat.org/fast/1204166</subfield>
    </datafield>
    <datafield tag="651" ind1="1" ind2="7">
      <subfield code="a">Cuba.</subfield>
      <subfield code="2">fast</subfield>
      <subfield code="0">http://id.worldcat.org/fast/1205805</subfield>
    </datafield>
    <datafield tag="651" ind1="2" ind2="7">
      <subfield code="a">Cuba.</subfield>
      <subfield code="2">fast</subfield>
      <subfield code="0">http://id.worldcat.org/fast/1205805</subfield>
    </datafield>
    <datafield tag="651" ind1="1" ind2="7">
      <subfield code="a">Mexico.</subfield>
      <subfield code="2">fast</subfield>
      <subfield code="0">http://id.worldcat.org/fast/1211700</subfield>
    </datafield>
    <datafield tag="651" ind1="2" ind2="7">
      <subfield code="a">Mexico.</subfield>
      <subfield code="2">fast</subfield>
      <subfield code="0">http://id.worldcat.org/fast/1211700</subfield>
    </datafield>
    <datafield tag="710" ind1="2" ind2=" ">
      <subfield code="a">H.W. Wilson Company.</subfield>
      <subfield code="0">http://id.loc.gov/authorities/names/n79064701</subfield>
    </datafield>
    <datafield tag="830" ind1=" " ind2="0">
      <subfield code="a">Reference shelf ;</subfield>
      <subfield code="0">http://id.loc.gov/authorities/names/n42021198</subfield>
      <subfield code="v">v. 85, no. 3.</subfield>
    </datafield>
    <datafield tag="902" ind1=" " ind2=" ">
      <subfield code="a">140128</subfield>
    </datafield>
    <datafield tag="902" ind1=" " ind2=" ">
      <subfield code="a">MARCIVE-BF 20190703</subfield>
    </datafield>
    <datafield tag="904" ind1=" " ind2=" ">
      <subfield code="a">MARCIVE 20200629</subfield>
    </datafield>
    <datafield tag="907" ind1=" " ind2=" ">
      <subfield code="a">.b55163889</subfield>
      <subfield code="b">multi</subfield>
      <subfield code="c">-</subfield>
    </datafield>
    <datafield tag="945" ind1=" " ind2=" ">
      <subfield code="l">astk </subfield>
      <subfield code="g">1</subfield>
    </datafield>
    <datafield tag="945" ind1=" " ind2=" ">
      <subfield code="l">pstk </subfield>
      <subfield code="g">1</subfield>
    </datafield>
    <datafield tag="979" ind1=" " ind2=" ">
      <subfield code="a">ocn852727180</subfield>
    </datafield>
    <datafield tag="998" ind1=" " ind2=" ">
      <subfield code="b">2</subfield>
      <subfield code="c">131107</subfield>
      <subfield code="d">m</subfield>
      <subfield code="e">a</subfield>
      <subfield code="f">-</subfield>
      <subfield code="g">0</subfield>
    </datafield>
    <datafield tag="998" ind1=" " ind2=" ">
      <subfield code="a">11/07/13</subfield>
      <subfield code="s">ANAL</subfield>
      <subfield code="c">AT</subfield>
    </datafield>
    <datafield tag="ADM" ind1=" " ind2=" ">
      <subfield code="b">2020-09-09 00:59:51</subfield>
      <subfield code="e">b55163889-01tuli_inst</subfield>
      <subfield code="d">MARCIVE</subfield>
      <subfield code="f">20190607202820.0</subfield>
      <subfield code="a">2017-06-20 07:39:01</subfield>
      <subfield code="c">false</subfield>
    </datafield>
    <datafield tag="HLD" ind1="0" ind2=" ">
      <subfield code="b">ASRS</subfield>
      <subfield code="c">ASRS</subfield>
      <subfield code="h"> PN4181 </subfield>
      <subfield code="i"> .R33 v.85 no.3 </subfield>
      <subfield code="8">22460538310003811</subfield>
      <subfield code="updated">2019-04-25 12:51:23</subfield>
      <subfield code="created">2019-04-25 12:51:19</subfield>
    </datafield>
    <datafield tag="HLD" ind1="0" ind2=" ">
      <subfield code="b">AMBLER</subfield>
      <subfield code="c">stacks</subfield>
      <subfield code="h">PN4181</subfield>
      <subfield code="i">.R33 v.85 no.3</subfield>
      <subfield code="8">22270048880003811</subfield>
      <subfield code="created">2017-06-20 07:39:01</subfield>
    </datafield>
    <datafield tag="ITM" ind1=" " ind2=" ">
      <subfield code="r">22460538310003811</subfield>
      <subfield code="b">1</subfield>
      <subfield code="h">0</subfield>
      <subfield code="g">ASRS</subfield>
      <subfield code="t">BOOK</subfield>
      <subfield code="9">39074028518512</subfield>
      <subfield code="e">ASRS</subfield>
      <subfield code="8">23270048890003811</subfield>
      <subfield code="a">0</subfield>
      <subfield code="i">PN4181 .R33 v.85 no.3</subfield>
      <subfield code="updated">2019-04-25 12:51:44</subfield>
      <subfield code="q">2017-06-20 07:39:01</subfield>
      <subfield code="d">ASRS</subfield>
      <subfield code="f">ASRS</subfield>
    </datafield>
    <datafield tag="ITM" ind1=" " ind2=" ">
      <subfield code="r">22270048880003811</subfield>
      <subfield code="b">1</subfield>
      <subfield code="h">0</subfield>
      <subfield code="g">stacks</subfield>
      <subfield code="t">BOOK</subfield>
      <subfield code="9">39074028518520</subfield>
      <subfield code="e">stacks</subfield>
      <subfield code="8">23270048870003811</subfield>
      <subfield code="a">0</subfield>
      <subfield code="i">PN4181 .R33 v.85 no.3</subfield>
      <subfield code="updated">2017-06-20 07:39:35</subfield>
      <subfield code="q">2017-06-20 07:39:01</subfield>
      <subfield code="d">AMBLER</subfield>
      <subfield code="f">AMBLER</subfield>
    </datafield>
  </record>