
  <record>
    <leader>05631nmmZZ2200625MiZ4500</leader>
    <controlfield tag="006">m f a u</controlfield>
    <controlfield tag="007">cr mn mmmmuuuu</controlfield>
    <controlfield tag="008">181113s2010    miu    fo  a        eng d</controlfield>
    <controlfield tag="001">991036954870603811</controlfield>
    <datafield tag="035" ind1=" " ind2=" ">
      <subfield code="a">(MiAaI)ICPSR27324</subfield>
    </datafield>
    <datafield tag="040" ind1=" " ind2=" ">
      <subfield code="a">MiAaI</subfield>
      <subfield code="c">MiAaI</subfield>
    </datafield>
    <datafield tag="245" ind1="0" ind2="0">
      <subfield code="a">ABC News/Washington Post Poll, August 2008</subfield>
      <subfield code="h">[electronic resource]</subfield>
      <subfield code="c">ABC News, The Washington Post</subfield>
    </datafield>
    <datafield tag="250" ind1=" " ind2=" ">
      <subfield code="a">2010-12-07</subfield>
    </datafield>
    <datafield tag="260" ind1=" " ind2=" ">
      <subfield code="a">Ann Arbor, Mich.</subfield>
      <subfield code="b">Inter-university Consortium for Political and Social Research [distributor]</subfield>
      <subfield code="c">2010</subfield>
    </datafield>
    <datafield tag="490" ind1="1" ind2=" ">
      <subfield code="a">ICPSR</subfield>
      <subfield code="v">27324</subfield>
    </datafield>
    <datafield tag="490" ind1="1" ind2=" ">
      <subfield code="a">ABC News/Washington Post Poll Series</subfield>
    </datafield>
    <datafield tag="516" ind1=" " ind2=" ">
      <subfield code="a">Numeric</subfield>
    </datafield>
    <datafield tag="538" ind1=" " ind2=" ">
      <subfield code="a">Mode of access: Intranet.</subfield>
    </datafield>
    <datafield tag="500" ind1=" " ind2=" ">
      <subfield code="a">Title from ICPSR DDI metadata of 2018-11-13.</subfield>
    </datafield>
    <datafield tag="506" ind1=" " ind2=" ">
      <subfield code="a">AVAILABLE. This study is freely available to ICPSR member institutions.</subfield>
    </datafield>
    <datafield tag="530" ind1=" " ind2=" ">
      <subfield code="a">Also available as downloadable files.</subfield>
    </datafield>
    <datafield tag="522" ind1=" " ind2=" ">
      <subfield code="a">United States</subfield>
    </datafield>
    <datafield tag="520" ind1="3" ind2=" ">
      <subfield code="a">This poll, fielded August 19-22, 2008, is part of a continuing series of monthly surveys that solicit public opinion on the presidency and on a range of other political and social issues. A national sample of 1,298 adults was surveyed, including an oversample of African Americans. Information was collected on how closely respondents were following the 2008 presidential race, the chances that they would vote in the upcoming presidential election in November, and whether or not they voted in the presidential election in November of 2004. Respondents were also queried on which candidate they would vote for in the presidential election, and who they would like to see win the Democratic nomination. Respondents were asked whether they approved of the way George W. Bush was handling the presidency, whether they thought the country was headed in the right direction, and what was the single most important issue in their choice for president. Several questions asked respondents to compare Barack Obama and John McCain, and which candidate they trusted to handle issues such as the war in Iraq, energy policy, international affairs, the economy, and taxes. Respondents were queried on their level of enthusiasm for each presidential candidate, whether they thought Obama had the kind of experience it takes to serve effectively as president, and whether they thought McCain would lead the country in a new direction or mainly continue in Geroge W. Bush's direction. Respondents were also asked how comfortable they would be with McCain taking office at the age of 72 and Obama being the first African American President. Respondents were also asked how important they thought the Democratic and Republican national conventions would be in deciding how to vote for president in November. Respondents were queried on whether they thought it was possible for their child to grow up and become president, whether they thought that Obama's nomination for president represents progress for all African Americans or whether they thought it was only a single case that does not reflect broader progress for African Americans overall. Respondents were asked whether they thought Obama would serve as a leading role model to young African American men, whether Obama's nomination as the first African American presidential candidate made them more proud to me an American, whether they thought the war in Iraq was worth fighting, and whether the United States is making progress toward restoring civil order in Iraq. Lastly, respondents were asked whether they thought Russia was a close ally of the United States, how concerned they were that current tensions between the United States and Russia could lead to a new cold war, whether they thought abortion should be legal, and whether they would be more likely to vote for McCain if he picked a vice-presidential candidate who supports legal abortion. Demographic variables include sex, age, marital status, race, income, voter registration status, political ideology, political party affiliation, political philosophy, education level, religious preference, military status, and whether respondents considered themselves to be a born-again Christian.Cf: http://doi.org/10.3886/ICPSR27324.v1</subfield>
    </datafield>
    <datafield tag="505" ind1="8" ind2=" ">
      <subfield code="t">ABC News/Washington Post Poll, August 2008</subfield>
    </datafield>
    <datafield tag="567" ind1=" " ind2=" ">
      <subfield code="a">Persons aged 18 and over living in households with telephones in the contiguous 48 United States.</subfield>
    </datafield>
    <datafield tag="590" ind1=" " ind2=" ">
      <subfield code="a">Access is available to the Temple Community through use of a networked computer with a Temple IP address.</subfield>
    </datafield>
    <datafield tag="650" ind1=" " ind2="7">
      <subfield code="a">abortion</subfield>
      <subfield code="2">icpsr</subfield>
    </datafield>
    <datafield tag="650" ind1=" " ind2="7">
      <subfield code="a">attitudes</subfield>
      <subfield code="2">icpsr</subfield>
    </datafield>
    <datafield tag="650" ind1=" " ind2="7">
      <subfield code="a">Bush, George W.</subfield>
      <subfield code="2">icpsr</subfield>
    </datafield>
    <datafield tag="650" ind1=" " ind2="7">
      <subfield code="a">Clinton, Bill</subfield>
      <subfield code="2">icpsr</subfield>
    </datafield>
    <datafield tag="650" ind1=" " ind2="7">
      <subfield code="a">Clinton, Hillary</subfield>
      <subfield code="2">icpsr</subfield>
    </datafield>
    <datafield tag="650" ind1=" " ind2="7">
      <subfield code="a">Democratic Party (USA)</subfield>
      <subfield code="2">icpsr</subfield>
    </datafield>
    <datafield tag="650" ind1=" " ind2="7">
      <subfield code="a">Iraq War</subfield>
      <subfield code="2">icpsr</subfield>
    </datafield>
    <datafield tag="650" ind1=" " ind2="7">
      <subfield code="a">McCain, John</subfield>
      <subfield code="2">icpsr</subfield>
    </datafield>
    <datafield tag="650" ind1=" " ind2="7">
      <subfield code="a">Nader, Ralph</subfield>
      <subfield code="2">icpsr</subfield>
    </datafield>
    <datafield tag="650" ind1=" " ind2="7">
      <subfield code="a">national economy</subfield>
      <subfield code="2">icpsr</subfield>
    </datafield>
    <datafield tag="650" ind1=" " ind2="7">
      <subfield code="a">Obama, Barack</subfield>
      <subfield code="2">icpsr</subfield>
    </datafield>
    <datafield tag="650" ind1=" " ind2="7">
      <subfield code="a">political campaigns</subfield>
      <subfield code="2">icpsr</subfield>
    </datafield>
    <datafield tag="650" ind1=" " ind2="7">
      <subfield code="a">presidential candidates</subfield>
      <subfield code="2">icpsr</subfield>
    </datafield>
    <datafield tag="650" ind1=" " ind2="7">
      <subfield code="a">presidential elections</subfield>
      <subfield code="2">icpsr</subfield>
    </datafield>
    <datafield tag="650" ind1=" " ind2="7">
      <subfield code="a">presidential performance</subfield>
      <subfield code="2">icpsr</subfield>
    </datafield>
    <datafield tag="650" ind1=" " ind2="7">
      <subfield code="a">public opinion</subfield>
      <subfield code="2">icpsr</subfield>
    </datafield>
    <datafield tag="650" ind1=" " ind2="7">
      <subfield code="a">racial attitudes</subfield>
      <subfield code="2">icpsr</subfield>
    </datafield>
    <datafield tag="650" ind1=" " ind2="7">
      <subfield code="a">Republican Party (USA)</subfield>
      <subfield code="2">icpsr</subfield>
    </datafield>
    <datafield tag="650" ind1=" " ind2="7">
      <subfield code="a">vice-presidential candidates</subfield>
      <subfield code="2">icpsr</subfield>
    </datafield>
    <datafield tag="650" ind1=" " ind2="7">
      <subfield code="a">voting behavior</subfield>
      <subfield code="2">icpsr</subfield>
    </datafield>
    <datafield tag="653" ind1="0" ind2=" ">
      <subfield code="a">RCMD XII. Public Opinion</subfield>
    </datafield>
    <datafield tag="653" ind1="0" ind2=" ">
      <subfield code="a">ICPSR XIV.C.1. Mass Political Behavior and Attitudes, Public Opinion on Political Matters, United States</subfield>
    </datafield>
    <datafield tag="653" ind1="0" ind2=" ">
      <subfield code="a">RCMD IX.A. African American</subfield>
    </datafield>
    <datafield tag="710" ind1="2" ind2=" ">
      <subfield code="a">ABC News</subfield>
    </datafield>
    <datafield tag="710" ind1="2" ind2=" ">
      <subfield code="a">The Washington Post</subfield>
    </datafield>
    <datafield tag="710" ind1="2" ind2=" ">
      <subfield code="a">Inter-university Consortium for Political and Social Research.</subfield>
    </datafield>
    <datafield tag="830" ind1=" " ind2="0">
      <subfield code="a">ICPSR (Series)</subfield>
      <subfield code="v">27324</subfield>
    </datafield>
    <datafield tag="856" ind1="4" ind2="0">
      <subfield code="z">Access restricted ; authentication may be required:</subfield>
      <subfield code="u">http://doi.org/10.3886/ICPSR27324.v1</subfield>
    </datafield>
    <datafield tag="902" ind1=" " ind2=" ">
      <subfield code="a">ICPSR Datasets 20181113</subfield>
    </datafield>
    <datafield tag="979" ind1=" " ind2=" ">
      <subfield code="a">ICPSR27324</subfield>
    </datafield>
    <datafield tag="ADM" ind1=" " ind2=" ">
      <subfield code="b">2018-11-20 21:58:35</subfield>
      <subfield code="e">ICPSR27324</subfield>
      <subfield code="d">OTHER</subfield>
      <subfield code="a">2018-11-16 21:18:24</subfield>
      <subfield code="c">false</subfield>
    </datafield>
    <datafield tag="PRT" ind1=" " ind2=" ">
      <subfield code="updated">2018-11-20 21:58:50</subfield>
      <subfield code="i">61403045390003811</subfield>
      <subfield code="c">ICPSR</subfield>
      <subfield code="created">2018-11-16 21:18:37</subfield>
      <subfield code="j">62403045380003811</subfield>
      <subfield code="a">53439097220003811</subfield>
      <subfield code="b">https://sandbox01-na.alma.exlibrisgroup.com/view/uresolver/01TULI_INST/openurl?u.ignore_date_coverage=true&amp;rft.mms_id=991036954870603811</subfield>
      <subfield code="9">Available</subfield>
      <subfield code="8">53439097220003811</subfield>
    </datafield>
  </record>