
  <record>
    <leader>01761nam  2200361Ia 4500</leader>
    <controlfield tag="001">991036744256003811</controlfield>
    <controlfield tag="005">20170821174406.0</controlfield>
    <controlfield tag="006">m     o  d |      </controlfield>
    <controlfield tag="007">cr -n---------</controlfield>
    <controlfield tag="008">120112s2011    nyub    o     000 0 eng d</controlfield>
    <datafield tag="020" ind1=" " ind2=" ">
      <subfield code="a">0-87609-501-5</subfield>
    </datafield>
    <datafield tag="035" ind1=" " ind2=" ">
      <subfield code="a">(CKB)2560000000081130</subfield>
    </datafield>
    <datafield tag="035" ind1=" " ind2=" ">
      <subfield code="a">(EBL)3137464</subfield>
    </datafield>
    <datafield tag="035" ind1=" " ind2=" ">
      <subfield code="a">(SSID)ssj0000744401</subfield>
    </datafield>
    <datafield tag="035" ind1=" " ind2=" ">
      <subfield code="a">(PQKBManifestationID)11429183</subfield>
    </datafield>
    <datafield tag="035" ind1=" " ind2=" ">
      <subfield code="a">(PQKBTitleCode)TC0000744401</subfield>
    </datafield>
    <datafield tag="035" ind1=" " ind2=" ">
      <subfield code="a">(PQKBWorkID)10843461</subfield>
    </datafield>
    <datafield tag="035" ind1=" " ind2=" ">
      <subfield code="a">(PQKB)11293864</subfield>
    </datafield>
    <datafield tag="035" ind1=" " ind2=" ">
      <subfield code="a">(MiAaPQ)EBC3137464</subfield>
    </datafield>
    <datafield tag="035" ind1=" " ind2=" ">
      <subfield code="a">(EXLCZ)992560000000081130</subfield>
    </datafield>
    <datafield tag="040" ind1=" " ind2=" ">
      <subfield code="a">MiAaPQ</subfield>
      <subfield code="c">MiAaPQ</subfield>
      <subfield code="d">MiAaPQ</subfield>
    </datafield>
    <datafield tag="041" ind1=" " ind2=" ">
      <subfield code="a">eng</subfield>
    </datafield>
    <datafield tag="050" ind1=" " ind2="4">
      <subfield code="a">DS63.1</subfield>
      <subfield code="b">.N45 2011</subfield>
    </datafield>
    <datafield tag="082" ind1="0" ind2="0">
      <subfield code="a">909.09749270</subfield>
    </datafield>
    <datafield tag="245" ind1="0" ind2="4">
      <subfield code="a">The new Arab revolt</subfield>
      <subfield code="h">[electronic resource].</subfield>
    </datafield>
    <datafield tag="246" ind1="3" ind2=" ">
      <subfield code="a">New Arab revolt :</subfield>
      <subfield code="b">what happened, what it means, and what comes next</subfield>
    </datafield>
    <datafield tag="260" ind1=" " ind2=" ">
      <subfield code="a">New York :</subfield>
      <subfield code="b">Council on Foreign Relations,</subfield>
      <subfield code="c">c2011.</subfield>
    </datafield>
    <datafield tag="300" ind1=" " ind2=" ">
      <subfield code="a">1 online resource (497 p.)</subfield>
    </datafield>
    <datafield tag="336" ind1=" " ind2=" ">
      <subfield code="a">text</subfield>
      <subfield code="b">txt</subfield>
    </datafield>
    <datafield tag="337" ind1=" " ind2=" ">
      <subfield code="a">computer</subfield>
      <subfield code="b">c</subfield>
    </datafield>
    <datafield tag="338" ind1=" " ind2=" ">
      <subfield code="a">online resource</subfield>
      <subfield code="b">cr</subfield>
    </datafield>
    <datafield tag="505" ind1="0" ind2=" ">
      <subfield code="a">""The New Arab Revolt""; ""Introduction""; ""The Sorrows of Egypt""; ""Back to the Bazaar""; ""Freedom and Justice in the Modern Middle East""; ""Adrift on the Nile""; ""Is El Baradei Egypt s Hero?""; ""Morning in Tunisia""; ""Letter From Cairo""; ""The U. S.- Egyptian Breakup""; ""The Muslim Brotherhood After Mubarak""; ""Egypt s Democratic Mirage""; ""Overcoming Fear and Anxiety in Tel Aviv""; ""Mubarakism Without Mubarak""; ""Reflections on the Revolution in Egypt""; ""Postcolonial Time Disorder""; ""Egypt s Constitutional Ghosts""; ""A Tunisian Solution for Egypt s Military""</subfield>
    </datafield>
    <datafield tag="505" ind1="8" ind2=" ">
      <subfield code="a">""The Fall of the Pharaoh""""The Black Swan of Cairo""; ""Why Jordan Is Not a Regional Domino""; ""Green Movement 2.0?""; ""Iran s Protests and Economic Realities""; ""The Arab Turmoil and Palestinians""; ""Letter From Sana a""; ""Bahrain s Shia Question""; ""Rage Comes to Baghdad""; ""The Sturdy House That Assad Built""; ""Rageless in Riyadh""; ""Syria s Assad No Longer in Vogue""; ""Meanwhile in the Maghreb""; ""Bahrain s Base Politics""; ""Let Them Eat Bread""; ""Demographics of Arab Protests""; ""Are the Mideast Revolutions Bad for Women s Rights?""; ""Our Bargain With the New Gadhafi""</subfield>
    </datafield>
    <datafield tag="505" ind1="8" ind2=" ">
      <subfield code="a">""Libya s Terra Incognita""""What Intervention Looks Like""; ""The Folly of Protection""; ""To the Shores of Tripoli""; ""A New Lease on Life for Humanitarianism""; ""In Libya, How Obama Can End a Mission That Started Badly""; ""The Mythology of Intervention""; ""Flight of the Valkyries?""; ""Qaddafi Must Go""; ""Winning Ugly in Libya""; ""Will Libya Become Obama s Iraq?""; ""Prepared Statement Before the Committee on Foreign Relations""; ""Demystifying the Arab Spring""; ""Understanding the Revolutions of 2011""; ""The Heirs of Nasser""; ""The Rise of the Islamists""</subfield>
    </datafield>
    <datafield tag="505" ind1="8" ind2=" ">
      <subfield code="a">""Terrorism After the Revolutions""""Remarks by President Barack Obama on a New Beginning""; ""Hillary Rodham Clinton s Remarks to the Forum for the Future""; ""The Last Official Address by Tunisian President Zine el- Abidine Ben Ali""; ""The Last Official Address by Egyptian President Hosni Mubarak""; ""Excerpts from Libyan Leader Muammar al- Qaddafi s Televised Address""; ""Excerpts from the Sermon of Shaykh Yusuf al- Qaradawi""; ""What Is the Revolution? What Is the Regime?""; ""Arab League Resolution 7360 on the Repercussions of the Current Events in Libya""</subfield>
    </datafield>
    <datafield tag="505" ind1="8" ind2=" ">
      <subfield code="a">""UN Security Council Resolution 1973, Libya""""Remarks by President Barack Obama in Address to the Nation on Libya""; ""Joint Statement by Nicolas Sarkozy and David Cameron on Libya""; ""Excerpts from Syrian President Bashar al- Assad s Speech Before the Syrian People s Assembly""; ""Hillary Rodham Clinton s Remarks at the Gala Dinner Celebrating the U. S.- Islamic World Forum""</subfield>
    </datafield>
    <datafield tag="546" ind1=" " ind2=" ">
      <subfield code="a">English</subfield>
    </datafield>
    <datafield tag="500" ind1=" " ind2=" ">
      <subfield code="a">"The volume includes seminal pieces from Foreign Affairs, ForeignAffairs.com, and CFR.org. In addition, major public statements by Barack Obama, Hillary Rodham Clinton, Hosni Mubarak, Muammar al-Qaddafi, and others are joined by Egyptian opposition writings and relevant primary source documents.".</subfield>
    </datafield>
    <datafield tag="650" ind1=" " ind2="0">
      <subfield code="a">Revolutions</subfield>
      <subfield code="z">Arab countries</subfield>
      <subfield code="x">History</subfield>
      <subfield code="y">21st century.</subfield>
    </datafield>
    <datafield tag="650" ind1=" " ind2="0">
      <subfield code="a">Government, Resistance to</subfield>
      <subfield code="z">Arab countries</subfield>
      <subfield code="x">History</subfield>
      <subfield code="y">21st century.</subfield>
    </datafield>
    <datafield tag="650" ind1=" " ind2="0">
      <subfield code="a">Democratization</subfield>
      <subfield code="z">Middle East</subfield>
      <subfield code="x">History</subfield>
      <subfield code="y">21st century.</subfield>
    </datafield>
    <datafield tag="650" ind1=" " ind2="0">
      <subfield code="a">Islam and politics</subfield>
      <subfield code="z">Middle East</subfield>
      <subfield code="x">History</subfield>
      <subfield code="y">21st century.</subfield>
    </datafield>
    <datafield tag="651" ind1=" " ind2="0">
      <subfield code="a">Middle East</subfield>
      <subfield code="x">Politics and government</subfield>
      <subfield code="y">21st century.</subfield>
    </datafield>
    <datafield tag="651" ind1=" " ind2="0">
      <subfield code="a">Arab countries</subfield>
      <subfield code="x">Politics and government</subfield>
      <subfield code="y">21st century.</subfield>
    </datafield>
    <datafield tag="651" ind1=" " ind2="0">
      <subfield code="a">United States</subfield>
      <subfield code="x">Foreign relations</subfield>
      <subfield code="z">Middle East.</subfield>
    </datafield>
    <datafield tag="651" ind1=" " ind2="0">
      <subfield code="a">Middle East</subfield>
      <subfield code="x">Foreign relations</subfield>
      <subfield code="z">United States.</subfield>
    </datafield>
    <datafield tag="655" ind1=" " ind2="4">
      <subfield code="a">Electronic books.</subfield>
    </datafield>
    <datafield tag="776" ind1=" " ind2=" ">
      <subfield code="z">0-87609-500-7</subfield>
    </datafield>
    <datafield tag="776" ind1=" " ind2=" ">
      <subfield code="z">0-87609-528-7</subfield>
    </datafield>
    <datafield tag="710" ind1="2" ind2=" ">
      <subfield code="a">Council on Foreign Relations.</subfield>
    </datafield>
    <datafield tag="730" ind1="0" ind2=" ">
      <subfield code="a">Foreign affairs.</subfield>
    </datafield>
    <datafield tag="906" ind1=" " ind2=" ">
      <subfield code="a">BOOK</subfield>
    </datafield>
    <datafield tag="ADM" ind1=" " ind2=" ">
      <subfield code="b">2018-11-21 19:10:18</subfield>
      <subfield code="e">992560000000081130</subfield>
      <subfield code="d">NON_SFX</subfield>
      <subfield code="f">20160803134623.0</subfield>
      <subfield code="a">2012-07-01 06:15:59</subfield>
      <subfield code="c">false</subfield>
    </datafield>
    <datafield tag="PRT" ind1=" " ind2=" ">
      <subfield code="updated">2018-04-18 23:48:14</subfield>
      <subfield code="i">61419889170003811</subfield>
      <subfield code="e">Ebook Central</subfield>
      <subfield code="c">Ebook Central Academic Complete</subfield>
      <subfield code="created">2018-04-18 23:47:46</subfield>
      <subfield code="j">62419889160003811</subfield>
      <subfield code="a">53421218910003811</subfield>
      <subfield code="b">https://sandbox01-na.alma.exlibrisgroup.com/view/uresolver/01TULI_INST/openurl?u.ignore_date_coverage=true&amp;rft.mms_id=991036744256003811</subfield>
      <subfield code="9">Available</subfield>
      <subfield code="h">614200000000000002</subfield>
      <subfield code="8">53421218910003811</subfield>
    </datafield>
    <datafield tag="PRT" ind1=" " ind2=" ">
      <subfield code="updated">2017-07-08 05:36:56</subfield>
      <subfield code="i">61391921830003811</subfield>
      <subfield code="e">EBSCOhost</subfield>
      <subfield code="c">EBSCOhost Academic eBook Collection (North America)</subfield>
      <subfield code="created">2017-07-08 05:35:33</subfield>
      <subfield code="j">62391921820003811</subfield>
      <subfield code="a">53394248010003811</subfield>
      <subfield code="b">https://sandbox01-na.alma.exlibrisgroup.com/view/uresolver/01TULI_INST/openurl?u.ignore_date_coverage=true&amp;rft.mms_id=991036744256003811</subfield>
      <subfield code="9">Available</subfield>
      <subfield code="h">613640000000000029</subfield>
      <subfield code="8">53394248010003811</subfield>
    </datafield>
    <datafield tag="PRT" ind1=" " ind2=" ">
      <subfield code="updated">2018-03-18 05:24:30</subfield>
      <subfield code="i">61406135080003811</subfield>
      <subfield code="e">EBSCOhost</subfield>
      <subfield code="c">EBSCOhost eBook History Collection - North America</subfield>
      <subfield code="created">2017-12-18 20:36:32</subfield>
      <subfield code="j">62406135070003811</subfield>
      <subfield code="a">53406223650003811</subfield>
      <subfield code="b">https://sandbox01-na.alma.exlibrisgroup.com/view/uresolver/01TULI_INST/openurl?u.ignore_date_coverage=true&amp;rft.mms_id=991036744256003811</subfield>
      <subfield code="9">Available</subfield>
      <subfield code="h">613790000000001582</subfield>
      <subfield code="8">53406223650003811</subfield>
    </datafield>
  </record>