
  <record>
    <leader>04225pam a2200565 i 4500</leader>
    <controlfield tag="005">20190930174617.0</controlfield>
    <controlfield tag="008">171019t20182018nju      b    001 0 eng  </controlfield>
    <controlfield tag="001">991036953001203811</controlfield>
    <datafield tag="010" ind1=" " ind2=" ">
      <subfield code="a">  2017033670</subfield>
    </datafield>
    <datafield tag="020" ind1=" " ind2=" ">
      <subfield code="a">9780813592787</subfield>
      <subfield code="q">(cloth ;)</subfield>
      <subfield code="q">(alk. paper)</subfield>
    </datafield>
    <datafield tag="020" ind1=" " ind2=" ">
      <subfield code="a">081359278X</subfield>
      <subfield code="q">(cloth ;)</subfield>
      <subfield code="q">(alk. paper)</subfield>
    </datafield>
    <datafield tag="020" ind1=" " ind2=" ">
      <subfield code="a">9780813592770</subfield>
      <subfield code="q">(paperback;)</subfield>
      <subfield code="q">(alk. paper)</subfield>
    </datafield>
    <datafield tag="020" ind1=" " ind2=" ">
      <subfield code="a">0813592771</subfield>
      <subfield code="q">(paperback;)</subfield>
      <subfield code="q">(alk. paper)</subfield>
    </datafield>
    <datafield tag="020" ind1=" " ind2=" ">
      <subfield code="z">9780813592794</subfield>
      <subfield code="q">(e-pub)</subfield>
    </datafield>
    <datafield tag="020" ind1=" " ind2=" ">
      <subfield code="z">9780813592817</subfield>
      <subfield code="q">(Web PDF)</subfield>
    </datafield>
    <datafield tag="035" ind1=" " ind2=" ">
      <subfield code="a">(OCoLC)1019844238</subfield>
    </datafield>
    <datafield tag="040" ind1=" " ind2=" ">
      <subfield code="a">LBSOR/DLC</subfield>
      <subfield code="b">eng</subfield>
      <subfield code="e">rda</subfield>
      <subfield code="c">DLC</subfield>
      <subfield code="d">OCLCO</subfield>
      <subfield code="d">YDX</subfield>
      <subfield code="d">OCLCF</subfield>
      <subfield code="d">DLC</subfield>
      <subfield code="d">OCLCQ</subfield>
      <subfield code="d">XII</subfield>
    </datafield>
    <datafield tag="042" ind1=" " ind2=" ">
      <subfield code="a">pcc</subfield>
    </datafield>
    <datafield tag="043" ind1=" " ind2=" ">
      <subfield code="a">n------</subfield>
      <subfield code="a">s------</subfield>
    </datafield>
    <datafield tag="050" ind1="0" ind2="0">
      <subfield code="a">PS153.N5</subfield>
      <subfield code="b">L472 2018</subfield>
    </datafield>
    <datafield tag="082" ind1="0" ind2="0">
      <subfield code="a">810.9/896073</subfield>
      <subfield code="2">23</subfield>
    </datafield>
    <datafield tag="100" ind1="1" ind2=" ">
      <subfield code="a">Li, Stephanie,</subfield>
      <subfield code="d">1977-</subfield>
      <subfield code="0">http://id.loc.gov/authorities/names/n2009028711</subfield>
      <subfield code="e">author.</subfield>
    </datafield>
    <datafield tag="245" ind1="1" ind2="0">
      <subfield code="a">Pan-African American literature :</subfield>
      <subfield code="b">signifyin(g) immigrants in the twenty-first century /</subfield>
      <subfield code="c">Stephanie Li.</subfield>
    </datafield>
    <datafield tag="264" ind1=" " ind2="1">
      <subfield code="a">New Brunswick, New Jersey :</subfield>
      <subfield code="b">Rutgers University Press,</subfield>
      <subfield code="c">[2018]</subfield>
    </datafield>
    <datafield tag="264" ind1=" " ind2="4">
      <subfield code="c">&#xA9;2018</subfield>
    </datafield>
    <datafield tag="300" ind1=" " ind2=" ">
      <subfield code="a">vii, 186 pages ;</subfield>
      <subfield code="c">24 cm</subfield>
    </datafield>
    <datafield tag="336" ind1=" " ind2=" ">
      <subfield code="a">text</subfield>
      <subfield code="b">txt</subfield>
      <subfield code="2">rdacontent</subfield>
    </datafield>
    <datafield tag="337" ind1=" " ind2=" ">
      <subfield code="a">unmediated</subfield>
      <subfield code="b">n</subfield>
      <subfield code="2">rdamedia</subfield>
    </datafield>
    <datafield tag="338" ind1=" " ind2=" ">
      <subfield code="a">volume</subfield>
      <subfield code="b">nc</subfield>
      <subfield code="2">rdacarrier</subfield>
    </datafield>
    <datafield tag="504" ind1=" " ind2=" ">
      <subfield code="a">Includes bibliographical references (pages 177-182) and index.</subfield>
    </datafield>
    <datafield tag="505" ind1="0" ind2=" ">
      <subfield code="a">Signifyin(g) on the slave narrative: African memoirs of war and displacement -- Uncanny rememories in Teju Cole's Open city -- The impossibility of invisibility in the novels of Dinaw Mengestu -- Refiguring the ancestor in the fiction of Chimamanda Ngozi Adichie -- Becoming his own father: Obama's Dreams from my father -- Conclusion: blackness now.</subfield>
    </datafield>
    <datafield tag="520" ind1=" " ind2=" ">
      <subfield code="a">"The fast-changing contours of the African diaspora in the United States demand that we establish new ways of understanding black identity in the twenty-first century. Twenty-First Century Pan-African American Literature takes up writings by African born or identified authors like Teju Cole, Chimamanda Ngozi Adichie, Dinaw Mengestu, and NoViolet Bulawayo. Stephanie Li asserts that these texts reinvent the meaning of blackness by placing immigration and diasporic identity at the center of their narratives, and reassessing the relationship between slavery and contemporary social conditions. The texts studied demonstrate the ways in which race is an evolving and contested site of identity that is made new by the experiences of recent African immigrants; they also show how blackness becomes a bridge between people of radically different experiences. Though race often alienates and frustrates immigrants who are accustomed to living in all-black environments, Li holds that it can also be a powerful form of community and political mobilization"--</subfield>
      <subfield code="c">Provided by publisher.</subfield>
    </datafield>
    <datafield tag="650" ind1=" " ind2="0">
      <subfield code="a">American literature</subfield>
      <subfield code="x">African American authors</subfield>
      <subfield code="x">History and criticism.</subfield>
      <subfield code="0">http://id.loc.gov/authorities/subjects/sh2007100736</subfield>
    </datafield>
    <datafield tag="650" ind1=" " ind2="0">
      <subfield code="a">African diaspora in literature.</subfield>
      <subfield code="0">http://id.loc.gov/authorities/subjects/sh2006005605</subfield>
    </datafield>
    <datafield tag="650" ind1=" " ind2="7">
      <subfield code="a">African diaspora in literature.</subfield>
      <subfield code="2">fast</subfield>
      <subfield code="0">http://id.worldcat.org/fast/1902319</subfield>
    </datafield>
    <datafield tag="650" ind1=" " ind2="0">
      <subfield code="a">Blacks</subfield>
      <subfield code="x">Race identity</subfield>
      <subfield code="0">http://id.loc.gov/authorities/subjects/sh85014685</subfield>
      <subfield code="z">America.</subfield>
      <subfield code="0">http://id.loc.gov/authorities/subjects/sh85004220</subfield>
    </datafield>
    <datafield tag="650" ind1=" " ind2="7">
      <subfield code="a">Blacks</subfield>
      <subfield code="x">Race identity.</subfield>
      <subfield code="2">fast</subfield>
      <subfield code="0">http://id.worldcat.org/fast/833987</subfield>
    </datafield>
    <datafield tag="650" ind1=" " ind2="0">
      <subfield code="a">African Americans in literature.</subfield>
      <subfield code="0">http://id.loc.gov/authorities/subjects/sh85002009</subfield>
    </datafield>
    <datafield tag="650" ind1=" " ind2="7">
      <subfield code="a">African Americans in literature.</subfield>
      <subfield code="2">fast</subfield>
      <subfield code="0">http://id.worldcat.org/fast/799727</subfield>
    </datafield>
    <datafield tag="650" ind1=" " ind2="0">
      <subfield code="a">Blacks in literature</subfield>
      <subfield code="y">21st century.</subfield>
      <subfield code="0">http://id.loc.gov/authorities/subjects/sh90005630</subfield>
      <subfield code="0">http://id.loc.gov/authorities/subjects/sh2002012478</subfield>
    </datafield>
    <datafield tag="650" ind1=" " ind2="7">
      <subfield code="a">Blacks in literature.</subfield>
      <subfield code="2">fast</subfield>
      <subfield code="0">http://id.worldcat.org/fast/834025</subfield>
    </datafield>
    <datafield tag="650" ind1=" " ind2="7">
      <subfield code="a">American literature</subfield>
      <subfield code="x">African American authors.</subfield>
      <subfield code="2">fast</subfield>
      <subfield code="0">http://id.worldcat.org/fast/807114</subfield>
    </datafield>
    <datafield tag="650" ind1="1" ind2="7">
      <subfield code="a">Blacks in literature.</subfield>
      <subfield code="2">fast</subfield>
      <subfield code="0">http://id.worldcat.org/fast/834025</subfield>
    </datafield>
    <datafield tag="650" ind1="1" ind2="7">
      <subfield code="a">Blacks</subfield>
      <subfield code="x">Race identity.</subfield>
      <subfield code="2">fast</subfield>
      <subfield code="0">http://id.worldcat.org/fast/833987</subfield>
    </datafield>
    <datafield tag="651" ind1=" " ind2="7">
      <subfield code="a">America.</subfield>
      <subfield code="2">fast</subfield>
      <subfield code="0">http://id.worldcat.org/fast/1239786</subfield>
    </datafield>
    <datafield tag="651" ind1="2" ind2="7">
      <subfield code="a">America.</subfield>
      <subfield code="2">fast</subfield>
      <subfield code="0">http://id.worldcat.org/fast/1239786</subfield>
    </datafield>
    <datafield tag="655" ind1=" " ind2="7">
      <subfield code="a">Criticism, interpretation, etc.</subfield>
      <subfield code="2">fast</subfield>
      <subfield code="0">http://id.worldcat.org/fast/1411635</subfield>
    </datafield>
    <datafield tag="648" ind1=" " ind2="7">
      <subfield code="a">2000-2099</subfield>
      <subfield code="2">fast</subfield>
    </datafield>
    <datafield tag="648" ind1=" " ind2="7">
      <subfield code="a">21st century.</subfield>
      <subfield code="2">fast</subfield>
    </datafield>
    <datafield tag="902" ind1=" " ind2=" ">
      <subfield code="a">MARCIVE-BF 20190703</subfield>
    </datafield>
    <datafield tag="904" ind1=" " ind2=" ">
      <subfield code="a">MARCIVE-SC</subfield>
    </datafield>
    <datafield tag="904" ind1=" " ind2=" ">
      <subfield code="a">MARCIVE 20200629</subfield>
    </datafield>
    <datafield tag="945" ind1=" " ind2="1">
      <subfield code="i">39074024438699</subfield>
      <subfield code="k">MAIN</subfield>
      <subfield code="l">stacks</subfield>
      <subfield code="a">PS153.N5</subfield>
      <subfield code="b">L472 2018</subfield>
      <subfield code="z">090</subfield>
    </datafield>
    <datafield tag="979" ind1=" " ind2=" ">
      <subfield code="a">(OCoLC)1019844238</subfield>
    </datafield>
    <datafield tag="997" ind1=" " ind2=" ">
      <subfield code="a">20181120</subfield>
      <subfield code="d">TEU</subfield>
      <subfield code="c">COUTTS-SR</subfield>
      <subfield code="e">WCAT</subfield>
    </datafield>
    <datafield tag="ADM" ind1=" " ind2=" ">
      <subfield code="b">2020-09-08 22:05:14</subfield>
      <subfield code="e">on1019844238</subfield>
      <subfield code="d">MARCIVE</subfield>
      <subfield code="f">20190607210417.0</subfield>
      <subfield code="a">2018-11-08 15:54:51</subfield>
      <subfield code="c">false</subfield>
    </datafield>
    <datafield tag="HLD" ind1="0" ind2=" ">
      <subfield code="b">MAIN</subfield>
      <subfield code="c">stacks</subfield>
      <subfield code="h">PS153.N5</subfield>
      <subfield code="i">L472 2018</subfield>
      <subfield code="8">22438587670003811</subfield>
      <subfield code="updated">2018-11-08 15:55:48</subfield>
      <subfield code="created">2018-11-08 15:55:48</subfield>
    </datafield>
    <datafield tag="HLD" ind1="0" ind2=" ">
      <subfield code="b">BLOCKSON</subfield>
      <subfield code="c">rarestacks</subfield>
      <subfield code="h">PS153.N5</subfield>
      <subfield code="i">L472 2018</subfield>
      <subfield code="8">22437199630003811</subfield>
      <subfield code="updated">2019-01-07 19:08:34</subfield>
      <subfield code="created">2018-11-01 19:50:20</subfield>
    </datafield>
    <datafield tag="ITM" ind1=" " ind2=" ">
      <subfield code="r">22438587670003811</subfield>
      <subfield code="b">1</subfield>
      <subfield code="h">0</subfield>
      <subfield code="g">stacks</subfield>
      <subfield code="t">BOOK</subfield>
      <subfield code="9">39074024438699</subfield>
      <subfield code="e">stacks</subfield>
      <subfield code="l">0</subfield>
      <subfield code="8">23438587660003811</subfield>
      <subfield code="a">0</subfield>
      <subfield code="i">PS153.N5 L472 2018</subfield>
      <subfield code="updated">2018-11-26 03:31:10</subfield>
      <subfield code="q">2018-11-08 15:55:48</subfield>
      <subfield code="d">MAIN</subfield>
      <subfield code="f">MAIN</subfield>
    </datafield>
    <datafield tag="ITM" ind1=" " ind2=" ">
      <subfield code="r">22437199630003811</subfield>
      <subfield code="b">0</subfield>
      <subfield code="h">0</subfield>
      <subfield code="g">rarestacks</subfield>
      <subfield code="t">BOOK</subfield>
      <subfield code="9">3907402568991</subfield>
      <subfield code="e">rarestacks</subfield>
      <subfield code="8">23437199620003811</subfield>
      <subfield code="a">3</subfield>
      <subfield code="i">PS153.N5 L472 2018</subfield>
      <subfield code="updated">2019-03-18 18:35:03</subfield>
      <subfield code="u">TRANSIT</subfield>
      <subfield code="q">2018-11-01 19:50:20</subfield>
      <subfield code="d">BLOCKSON</subfield>
      <subfield code="f">BLOCKSON</subfield>
    </datafield>
  </record>