
  <record>
    <leader>08848cam a2200637 i 4500</leader>
    <controlfield tag="005">20190716120559.0</controlfield>
    <controlfield tag="008">160509s2016    nyu      b    001 0ceng  </controlfield>
    <controlfield tag="001">991028666159703811</controlfield>
    <datafield tag="010" ind1=" " ind2=" ">
      <subfield code="a">2016018443</subfield>
    </datafield>
    <datafield tag="020" ind1=" " ind2=" ">
      <subfield code="a">9781610397391</subfield>
      <subfield code="q">(hardback)</subfield>
    </datafield>
    <datafield tag="020" ind1=" " ind2=" ">
      <subfield code="a">1610397398</subfield>
      <subfield code="q">(hardback)</subfield>
    </datafield>
    <datafield tag="020" ind1=" " ind2=" ">
      <subfield code="z">9781610397407</subfield>
      <subfield code="q">(ebook)</subfield>
    </datafield>
    <datafield tag="035" ind1=" " ind2=" ">
      <subfield code="a">(PPT)b63577033-01tuli_inst</subfield>
    </datafield>
    <datafield tag="035" ind1=" " ind2=" ">
      <subfield code="a">(OCoLC)949553556</subfield>
      <subfield code="z">(OCoLC)958083822</subfield>
    </datafield>
    <datafield tag="040" ind1=" " ind2=" ">
      <subfield code="a">DLC</subfield>
      <subfield code="b">eng</subfield>
      <subfield code="e">rda</subfield>
      <subfield code="c">DLC</subfield>
      <subfield code="d">OCLCF</subfield>
      <subfield code="d">ON8</subfield>
      <subfield code="d">ZHB</subfield>
      <subfield code="d">YDX</subfield>
      <subfield code="d">DGU</subfield>
      <subfield code="d">VP@</subfield>
      <subfield code="d">JOY</subfield>
      <subfield code="d">ANK</subfield>
      <subfield code="d">OCLCO</subfield>
      <subfield code="d">IGA</subfield>
    </datafield>
    <datafield tag="041" ind1="1" ind2=" ">
      <subfield code="a">eng</subfield>
      <subfield code="h">rus</subfield>
    </datafield>
    <datafield tag="042" ind1=" " ind2=" ">
      <subfield code="a">pcc</subfield>
    </datafield>
    <datafield tag="043" ind1=" " ind2=" ">
      <subfield code="a">e-ru---</subfield>
    </datafield>
    <datafield tag="050" ind1="0" ind2="0">
      <subfield code="a">DK510.763</subfield>
      <subfield code="b">.Z9413 2016</subfield>
    </datafield>
    <datafield tag="090" ind1=" " ind2=" ">
      <subfield code="a">DK510.763</subfield>
      <subfield code="b">.Z9413 2016</subfield>
    </datafield>
    <datafield tag="100" ind1="1" ind2=" ">
      <subfield code="a">Zygar&#x2B9;, Mikhail,</subfield>
      <subfield code="d">1981-</subfield>
      <subfield code="0">http://id.loc.gov/authorities/names/no2008168590</subfield>
      <subfield code="e">author,</subfield>
      <subfield code="e">interviewer.</subfield>
    </datafield>
    <datafield tag="240" ind1="1" ind2="0">
      <subfield code="a">Vsi&#x361;a kremlevskai&#x361;a rat&#x2B9;.</subfield>
      <subfield code="l">English</subfield>
      <subfield code="0">http://id.loc.gov/authorities/names/n2016025326</subfield>
    </datafield>
    <datafield tag="245" ind1="1" ind2="0">
      <subfield code="a">All The Kremlin's Men :</subfield>
      <subfield code="b">Inside The Court of Vladimir Putin /</subfield>
      <subfield code="c">Mikhail Zygar.</subfield>
    </datafield>
    <datafield tag="250" ind1=" " ind2=" ">
      <subfield code="a">First edition.</subfield>
    </datafield>
    <datafield tag="264" ind1=" " ind2="1">
      <subfield code="a">New York, NY :</subfield>
      <subfield code="b">PublicAffairs,</subfield>
      <subfield code="c">[2016]</subfield>
    </datafield>
    <datafield tag="300" ind1=" " ind2=" ">
      <subfield code="a">xx, 371 pages ;</subfield>
      <subfield code="c">25 cm</subfield>
    </datafield>
    <datafield tag="336" ind1=" " ind2=" ">
      <subfield code="a">text</subfield>
      <subfield code="b">txt</subfield>
      <subfield code="2">rdacontent</subfield>
    </datafield>
    <datafield tag="337" ind1=" " ind2=" ">
      <subfield code="a">unmediated</subfield>
      <subfield code="b">n</subfield>
      <subfield code="2">rdamedia</subfield>
    </datafield>
    <datafield tag="338" ind1=" " ind2=" ">
      <subfield code="a">volume</subfield>
      <subfield code="b">nc</subfield>
      <subfield code="2">rdacarrier</subfield>
    </datafield>
    <datafield tag="520" ind1=" " ind2=" ">
      <subfield code="a">"Charting the transformation of Vladimir Putin from a passionate fan of the West and a liberal reformer into a hurt and introverted outcast, All the Kremlin's Men is a historical detective story, full of intrigue and conspiracy. This is the story of the political battles that have taken place in the court of Vladimir Putin since his rise to power, and a chronicle of friendship and hatred between the Russian leader and his foreign partners and opponents. Russia's most prominent independent journalist Mikhail Zygar has had unprecedented access to people who are either currently or were formerly allied with Putin, but have only now agreed to reveal their impressions of the powerful president and his circle of power. Zygar's in-depth interviews include Putin's press secretary Dmitry Peskov, Deputy Prime Minister Igor Shuvalov, former finance minister Alexei Kudrin, former Kremlin chief of staff Alexander Voloshin, former mayor of Moscow Yuri Luzhkov, former presidential candidate Mikhail Prokhorov, opposition leader Alexei Navalny, former mresidents of Ukraine and Georgia Viktor Yushchenko and Mikhail Saakashvili, and many other key Russian and Western politicians and diplomats. For many people from Putin's closest circle, it was the first time they could tell their stories. Each chapter has a main character, who gives an insight into the origins of Vladimir Putin's transformation. Cumulatively, All the Kremlin's Men explains to the English-speaking audience what has happened to Russia, what the role of the West is in its destiny, and how this destiny could play out going forward. It is a delicious portrait of the strangeness of modern Russia, a country swirling with intrigue and paranoia, peppered with fateful missteps and confusion, and the brooding, volatile, magnificently unpredictable figure of Vladimir Putin"--</subfield>
      <subfield code="c">Provided by publisher.</subfield>
    </datafield>
    <datafield tag="520" ind1=" " ind2=" ">
      <subfield code="a">"Charting the transformation of Vladimir Putin from a passionate fan of the West and a liberal reformer into a hurt and introverted outcast, All the Kremlin's Men is a historical detective story, full of intrigue and conspiracy. This is the story of the political battles that have taken place in the court of Vladimir Putin since his rise to power, and a chronicle of friendship and hatred between the Russian leader and his foreign partners and opponents. Russia's most prominent independent journalist Mikhail Zygar has had unprecedented access to people who are either currently or were formerly allied with Putin, but have only now agreed to reveal their impressions of the powerful president and his circle of power. Zygar's in-depth interviews include Putin's press secretary, Deputy Prime Minister, former finance minister, former Kremlin chief of staff, former mayor of Moscow, former presidential candidate, opposition leader Alexei Navalny, former presidents of Ukraine and Georgia Viktor Yushchenko and Mikhail Saakashvili, and many other key Russian and Western politicians and diplomats. For many people from Putin's closest circle, it was the first time they could tell their stories. Each chapter has a main character, who gives an insight into the origins of Vladimir Putin's transformation. Cumulatively, All the Kremlin's Men explains to the English-speaking audience what has happened to Russia, what the role of the West is in its destiny, and how this destiny could play out going forward. It is a delicious portrait of the strangeness of modern Russia, a country swirling with intrigue and paranoia, peppered with fateful missteps and confusion, and the brooding, volatile, magnificently unpredictable figure of Vladimir Putin"--</subfield>
      <subfield code="c">Provided by publisher.</subfield>
    </datafield>
    <datafield tag="504" ind1=" " ind2=" ">
      <subfield code="a">Includes bibliographical references and index.</subfield>
    </datafield>
    <datafield tag="505" ind1="0" ind2=" ">
      <subfield code="a">Part One: Putin I The Lionheart.  Chapter 1: In which Kremlin Strategist Alexander Voloshin learns to tolerate Lenin ; Chapter 2: In which Political E&#x301;migre&#x301; Boris Berezovsky is not invited to the Royal Wedding ; Chapter 3: In which Russia's richest man, Mikhail Khodorkovsky, loses his business and freedom, and the family disappears -- Part Two: Putin II The Magnificent.  Chapter 4: In which Kremlin Chief of Staff Dmitry Medvedev creates a new Russian Class ; Chapter 5: In which Ukrainian Presidential Chief of Staff Viktor Medvedchuk is the last Ukranian to enjoy Putin's trust ; Chapter 6: In which Deputy Chief of Staff Vladislav Surkov defends the besieged Kremlin ; Chapter 7: In which Deputy Prime Minister Igor Shuvalov comes up with a plan to make Russia an empire once more ; Chapter 8: In which Deputy Prime Minister Sergei Ivanov is convinced that he is the heir to the throne -- Part Three: Prince Dmitry.  Chapter 9: In which Georgian President Mikheil Saakashvili retains power--and something far more valuable ; Chapter 10: In which Barack Obama becomes the Kremlin's best friend and worst enemy ; Chapter 11: In which Deputy Prime Minister Igor Sechin turns into a Russian Che Guevara ; Chapter 12: In which Russian Princess Tatyana Yumasheva comes up with a New Democratic Party ; Chapter 13: In which Opposition Leader Alexei Navalny thinks he can lead the people to the Kremlin -- Part Four: Putin The Terrible.  Chapter 14: In which Patriarch Kirill gives fatherly advice to Russia's Cabinet of Ministers ; Chapter 15: In which Kremlin Strategist Vyacheslav Volodin invents a new national idea ; Chapter 16: In which Putin's Press Secretary Dmitry Peskov realizes the futility of trying to please the West ; Chapter 17: In which Defense Minister Sergey Shoigu takes revenge for Afghanistan and Nicholas I ; Chapter 18: In which Alexei Kudrin loses the battle for the President's heart and mind ; Chapter 19: In which Ramzan Kadyrov takes a round trip to Dubai ; Chapter 20: In which Bashar al-Assad becomes the mirror image of Putin -- Conclusion: Putin the saint.</subfield>
    </datafield>
    <datafield tag="546" ind1=" " ind2=" ">
      <subfield code="a">Translated from Russian; no information is available about the translator.</subfield>
    </datafield>
    <datafield tag="650" ind1=" " ind2="7">
      <subfield code="a">Politics and government.</subfield>
      <subfield code="2">fast</subfield>
      <subfield code="0">http://id.worldcat.org/fast/1919741</subfield>
    </datafield>
    <datafield tag="650" ind1=" " ind2="7">
      <subfield code="a">HISTORY / Europe / Russia &amp; the Former Soviet Union.</subfield>
      <subfield code="2">bisacsh</subfield>
    </datafield>
    <datafield tag="650" ind1=" " ind2="7">
      <subfield code="a">POLITICAL SCIENCE / World / Russian &amp; Former Soviet Union.</subfield>
      <subfield code="2">bisacsh</subfield>
    </datafield>
    <datafield tag="651" ind1=" " ind2="0">
      <subfield code="a">Russia (Federation)</subfield>
      <subfield code="x">Politics and government</subfield>
      <subfield code="y">1991-</subfield>
      <subfield code="0">http://id.loc.gov/authorities/subjects/sh92006576</subfield>
    </datafield>
    <datafield tag="651" ind1=" " ind2="0">
      <subfield code="a">Russia (Federation)</subfield>
      <subfield code="x">History</subfield>
      <subfield code="y">1991-</subfield>
      <subfield code="0">http://id.loc.gov/authorities/subjects/sh93001058</subfield>
    </datafield>
    <datafield tag="651" ind1=" " ind2="0">
      <subfield code="a">Russia (Federation)</subfield>
      <subfield code="v">Biography</subfield>
      <subfield code="v">Interviews.</subfield>
      <subfield code="0">http://id.loc.gov/authorities/subjects/sh2008116740</subfield>
      <subfield code="0">http://id.loc.gov/authorities/subjects/sh99001682</subfield>
    </datafield>
    <datafield tag="651" ind1=" " ind2="7">
      <subfield code="a">Russia (Federation)</subfield>
      <subfield code="2">fast</subfield>
      <subfield code="0">http://id.worldcat.org/fast/1262050</subfield>
    </datafield>
    <datafield tag="655" ind1=" " ind2="7">
      <subfield code="a">History.</subfield>
      <subfield code="2">fast</subfield>
      <subfield code="0">http://id.worldcat.org/fast/1411628</subfield>
    </datafield>
    <datafield tag="655" ind1=" " ind2="7">
      <subfield code="a">Biographies.</subfield>
      <subfield code="2">lcgft</subfield>
      <subfield code="0">http://id.loc.gov/authorities/genreForms/gf2014026049</subfield>
    </datafield>
    <datafield tag="655" ind1=" " ind2="7">
      <subfield code="a">Biographies.</subfield>
      <subfield code="2">fast</subfield>
      <subfield code="0">http://id.worldcat.org/fast/1919896</subfield>
    </datafield>
    <datafield tag="655" ind1=" " ind2="7">
      <subfield code="a">Interviews.</subfield>
      <subfield code="2">lcgft</subfield>
      <subfield code="0">http://id.loc.gov/authorities/genreForms/gf2014026115</subfield>
    </datafield>
    <datafield tag="655" ind1=" " ind2="7">
      <subfield code="a">Interviews.</subfield>
      <subfield code="2">fast</subfield>
      <subfield code="0">http://id.worldcat.org/fast/1423832</subfield>
    </datafield>
    <datafield tag="600" ind1="1" ind2="0">
      <subfield code="a">Putin, Vladimir Vladimirovich,</subfield>
      <subfield code="d">1952-</subfield>
      <subfield code="0">http://id.loc.gov/authorities/names/n00093163</subfield>
    </datafield>
    <datafield tag="600" ind1="1" ind2="7">
      <subfield code="a">Putin, Vladimir Vladimirovich,</subfield>
      <subfield code="d">1952-</subfield>
      <subfield code="2">fast</subfield>
      <subfield code="0">http://id.worldcat.org/fast/444788</subfield>
    </datafield>
    <datafield tag="648" ind1=" " ind2="7">
      <subfield code="a">Since 1991</subfield>
      <subfield code="2">fast</subfield>
    </datafield>
    <datafield tag="776" ind1="0" ind2="8">
      <subfield code="i">Online version:</subfield>
      <subfield code="a">Zygar&#x2B9;, Mikhail, 1981- author, interviewer.</subfield>
      <subfield code="t">All the Kremlin's men</subfield>
      <subfield code="d">New York, NY : PublicAffairs, [2016]</subfield>
      <subfield code="z">9781610397407</subfield>
      <subfield code="w">(DLC) 2016021716</subfield>
    </datafield>
    <datafield tag="902" ind1=" " ind2=" ">
      <subfield code="a">170131</subfield>
    </datafield>
    <datafield tag="902" ind1=" " ind2=" ">
      <subfield code="a">MARCIVE-BF 20190703</subfield>
    </datafield>
    <datafield tag="904" ind1=" " ind2=" ">
      <subfield code="a">MARCIVE 20200408</subfield>
    </datafield>
    <datafield tag="907" ind1=" " ind2=" ">
      <subfield code="a">.b63577033</subfield>
      <subfield code="b">jt   </subfield>
      <subfield code="c">-</subfield>
    </datafield>
    <datafield tag="945" ind1=" " ind2=" ">
      <subfield code="l">jtcas</subfield>
      <subfield code="g">1</subfield>
    </datafield>
    <datafield tag="998" ind1=" " ind2=" ">
      <subfield code="b">0</subfield>
      <subfield code="c">161206</subfield>
      <subfield code="d">m</subfield>
      <subfield code="e">a</subfield>
      <subfield code="f">-</subfield>
      <subfield code="g">0</subfield>
    </datafield>
    <datafield tag="ADM" ind1=" " ind2=" ">
      <subfield code="b">2020-07-02 12:20:31</subfield>
      <subfield code="e">b63577033-01tuli_inst</subfield>
      <subfield code="d">MARCIVE</subfield>
      <subfield code="f">20190607215846.0</subfield>
      <subfield code="a">2017-06-20 07:19:41</subfield>
      <subfield code="c">false</subfield>
    </datafield>
    <datafield tag="HLD" ind1="0" ind2=" ">
      <subfield code="b">JAPAN</subfield>
      <subfield code="c">stacks</subfield>
      <subfield code="h">DK510.763</subfield>
      <subfield code="i">.Z9413 2016</subfield>
      <subfield code="8">22264643490003811</subfield>
      <subfield code="created">2017-06-20 07:19:41</subfield>
    </datafield>
    <datafield tag="ITM" ind1=" " ind2=" ">
      <subfield code="r">22264643490003811</subfield>
      <subfield code="b">1</subfield>
      <subfield code="h">0</subfield>
      <subfield code="g">stacks</subfield>
      <subfield code="t">BOOK</subfield>
      <subfield code="9">31982070479904</subfield>
      <subfield code="e">stacks</subfield>
      <subfield code="8">23264643480003811</subfield>
      <subfield code="a">0</subfield>
      <subfield code="i">DK510.763 .Z9413 2016</subfield>
      <subfield code="updated">2017-06-20 07:20:14</subfield>
      <subfield code="q">2017-06-20 07:19:41</subfield>
      <subfield code="d">JAPAN</subfield>
      <subfield code="f">JAPAN</subfield>
    </datafield>
  </record>