
  <record>
    <leader>05292cam a2200517 i 4500</leader>
    <controlfield tag="005">20190930174505.0</controlfield>
    <controlfield tag="008">180109t20182018mauaf    b    001 0deng  </controlfield>
    <controlfield tag="001">991036910401703811</controlfield>
    <datafield tag="010" ind1=" " ind2=" ">
      <subfield code="a">  2017045603</subfield>
    </datafield>
    <datafield tag="020" ind1=" " ind2=" ">
      <subfield code="a">9780544716247</subfield>
      <subfield code="q">(hardcover)</subfield>
    </datafield>
    <datafield tag="020" ind1=" " ind2=" ">
      <subfield code="a">0544716248</subfield>
      <subfield code="q">(hardcover)</subfield>
    </datafield>
    <datafield tag="035" ind1=" " ind2=" ">
      <subfield code="a">(OCoLC)994598511</subfield>
    </datafield>
    <datafield tag="040" ind1=" " ind2=" ">
      <subfield code="a">DLC</subfield>
      <subfield code="b">eng</subfield>
      <subfield code="e">rda</subfield>
      <subfield code="c">DLC</subfield>
      <subfield code="d">OCLCO</subfield>
      <subfield code="d">OCLCQ</subfield>
      <subfield code="d">YDX</subfield>
      <subfield code="d">OCLCO</subfield>
      <subfield code="d">GK8</subfield>
      <subfield code="d">QQ3</subfield>
      <subfield code="d">OCLCQ</subfield>
      <subfield code="d">OCLCO</subfield>
      <subfield code="d">FM0</subfield>
      <subfield code="d">WLU</subfield>
      <subfield code="d">CGP</subfield>
      <subfield code="d">MLY</subfield>
      <subfield code="d">PCX</subfield>
      <subfield code="d">TCH</subfield>
      <subfield code="d">BUR</subfield>
      <subfield code="d">GZG</subfield>
      <subfield code="d">IGA</subfield>
      <subfield code="d">FLM</subfield>
      <subfield code="d">WSD</subfield>
      <subfield code="d">RCJ</subfield>
      <subfield code="d">OCLCA</subfield>
      <subfield code="d">KSG</subfield>
      <subfield code="d">RCJ</subfield>
      <subfield code="d">ZVR</subfield>
      <subfield code="d">PAU</subfield>
      <subfield code="d">STF</subfield>
    </datafield>
    <datafield tag="042" ind1=" " ind2=" ">
      <subfield code="a">pcc</subfield>
    </datafield>
    <datafield tag="043" ind1=" " ind2=" ">
      <subfield code="a">n-us---</subfield>
      <subfield code="a">e-ru---</subfield>
    </datafield>
    <datafield tag="050" ind1="0" ind2="0">
      <subfield code="a">E183.8.R9</subfield>
      <subfield code="b">M235 2018</subfield>
    </datafield>
    <datafield tag="066" ind1=" " ind2=" ">
      <subfield code="c">Zsym</subfield>
    </datafield>
    <datafield tag="082" ind1="0" ind2="0">
      <subfield code="a">327.73047086</subfield>
      <subfield code="2">23</subfield>
    </datafield>
    <datafield tag="100" ind1="1" ind2=" ">
      <subfield code="a">McFaul, Michael,</subfield>
      <subfield code="d">1963-</subfield>
      <subfield code="0">http://id.loc.gov/authorities/names/n93009014</subfield>
      <subfield code="e">author.</subfield>
    </datafield>
    <datafield tag="245" ind1="1" ind2="0">
      <subfield code="a">From Cold War to hot peace :</subfield>
      <subfield code="b">an American ambassador in Putin's Russia /</subfield>
      <subfield code="c">Michael McFaul.</subfield>
    </datafield>
    <datafield tag="264" ind1=" " ind2="1">
      <subfield code="a">Boston :</subfield>
      <subfield code="b">Houghton Mifflin Harcourt,</subfield>
      <subfield code="c">2018.</subfield>
    </datafield>
    <datafield tag="264" ind1=" " ind2="4">
      <subfield code="c">&#xA9;2018</subfield>
    </datafield>
    <datafield tag="300" ind1=" " ind2=" ">
      <subfield code="a">xiii, 506 pages, 8 unnumbered pages of plates ;</subfield>
      <subfield code="c">24 cm</subfield>
    </datafield>
    <datafield tag="336" ind1=" " ind2=" ">
      <subfield code="a">text</subfield>
      <subfield code="b">txt</subfield>
      <subfield code="2">rdacontent</subfield>
    </datafield>
    <datafield tag="337" ind1=" " ind2=" ">
      <subfield code="a">unmediated</subfield>
      <subfield code="b">n</subfield>
      <subfield code="2">rdamedia</subfield>
    </datafield>
    <datafield tag="338" ind1=" " ind2=" ">
      <subfield code="a">volume</subfield>
      <subfield code="b">nc</subfield>
      <subfield code="2">rdacarrier</subfield>
    </datafield>
    <datafield tag="504" ind1=" " ind2=" ">
      <subfield code="a">Includes bibliographical references and index.</subfield>
    </datafield>
    <datafield tag="505" ind1="0" ind2=" ">
      <subfield code="a">REVOLUTION. The first reset ; Democrats of the world, unite! ; Yeltsin's partial revolution ; Putin's thermidor -- RESET. Change we can believe in ; Launching the reset ; Universal values ; The first (and last) Moscow Summit ; New START ; Denying Iran the bomb ; Hard accounts: Russia's neighborhood and missile defense ; Burgers and spies ; The Arab Spring, Libya, and the beginning of the end of the reset ; Becoming "His Excellency" -- REACTION. Putin needs an enemy: America, Obama, and me ; Getting physical ; Pushback ; Twitter and the two-step ; It takes two to tango ; Chasing Russians, failing Syrians ; Dueling on human rights ; Going home ; Annexation and war in Ukraine ; The end of resets (for now) -- Epilogue: Trump and Putin.</subfield>
    </datafield>
    <datafield tag="520" ind1=" " ind2=" ">
      <subfield code="a">A former ambassador to Russia during the Obama administration describes how the progress made between the two countries was destroyed when Vladimir Putin returned to power and recounts how the Kremlin actively sought to discredit and undermine him.</subfield>
    </datafield>
    <datafield tag="520" ind1=" " ind2=" ">
      <subfield code="a">"A revelatory, behind-the-scenes acount of Rusian-American relations from the optimistic days of the end of communism in the Reagan-Gorbachev era to the confrontational era of Putin. In 2008, when Michael McFaul was asked to leave his perch at Stanford and join President-elect Barack Obama's national security team, he had no idea that he would find himself at the beating heart of one of today's most contentious international relationships. Obama wanted his guidance because McFaul had been studying and visiting Russia--and teaching Stanford students about it--for decades. He was there during the Gorbachev regime, he watched as Yeltsin faced down a military coup and as tumultuous reform swept the country throughout the 1990s, and he became one of America's preeminent scholars on Russia during the first Putin era. During President Obama's first term, McFaul helped craft the policy known as 'Reset,' which fostered new and unprecedented collaboration between the two countries under Dmitry Medvedev's presidency. Later, as U.S. ambassador from 2012 to 2014, he witnessed firsthand how Vladimir Putin's new rise interrupted this era of cooperation and returned Russian-American relations to a level of confrontation not known since the darkest days of the Cold War. From the outset of his ambassadorship, the Kremlin accused McFaul of being sent by Obama not to continue the Reset but instead to foment revolution against Putin's regime. This inside account blends history and memoir--from Putin's dacha to ornate Kremlin chambers to the Oval Office--to explain how Russia really works, and why America has entered into a dangerous new era of confrontation with Putin's Russia."--Dust jacket.</subfield>
    </datafield>
    <datafield tag="650" ind1=" " ind2="0">
      <subfield code="a">Ambassadors</subfield>
      <subfield code="0">http://id.loc.gov/authorities/subjects/sh85004141</subfield>
      <subfield code="z">Russia (Federation)</subfield>
      <subfield code="0">http://id.loc.gov/authorities/names/n92056007</subfield>
      <subfield code="v">Biography.</subfield>
      <subfield code="0">http://id.loc.gov/authorities/subjects/sh99001237</subfield>
    </datafield>
    <datafield tag="650" ind1=" " ind2="7">
      <subfield code="a">Ambassadors.</subfield>
      <subfield code="2">fast</subfield>
      <subfield code="0">http://id.worldcat.org/fast/806713</subfield>
    </datafield>
    <datafield tag="650" ind1="2" ind2="7">
      <subfield code="a">International relations.</subfield>
      <subfield code="2">fast</subfield>
      <subfield code="0">http://id.worldcat.org/fast/977053</subfield>
    </datafield>
    <datafield tag="650" ind1="1" ind2="7">
      <subfield code="a">Ambassadors.</subfield>
      <subfield code="2">fast</subfield>
      <subfield code="0">http://id.worldcat.org/fast/806713</subfield>
    </datafield>
    <datafield tag="651" ind1=" " ind2="0">
      <subfield code="a">United States</subfield>
      <subfield code="x">Foreign relations</subfield>
      <subfield code="z">Russia (Federation)</subfield>
      <subfield code="0">http://id.loc.gov/authorities/subjects/sh2007100012</subfield>
    </datafield>
    <datafield tag="651" ind1=" " ind2="0">
      <subfield code="a">Russia (Federation)</subfield>
      <subfield code="x">Foreign relations</subfield>
      <subfield code="z">United States.</subfield>
      <subfield code="0">http://id.loc.gov/authorities/subjects/sh2008110739</subfield>
    </datafield>
    <datafield tag="651" ind1=" " ind2="0">
      <subfield code="a">United States</subfield>
      <subfield code="x">Foreign relations</subfield>
      <subfield code="y">1989-</subfield>
      <subfield code="0">http://id.loc.gov/authorities/subjects/sh93001742</subfield>
    </datafield>
    <datafield tag="651" ind1=" " ind2="0">
      <subfield code="a">United States</subfield>
      <subfield code="x">Foreign relations</subfield>
      <subfield code="y">2009-2017.</subfield>
      <subfield code="0">http://id.loc.gov/authorities/subjects/sh2009000190</subfield>
    </datafield>
    <datafield tag="651" ind1="1" ind2="7">
      <subfield code="a">United States.</subfield>
      <subfield code="2">fast</subfield>
      <subfield code="0">http://id.worldcat.org/fast/1204155</subfield>
    </datafield>
    <datafield tag="651" ind1="1" ind2="7">
      <subfield code="a">Russia (Federation)</subfield>
      <subfield code="2">fast</subfield>
      <subfield code="0">http://id.worldcat.org/fast/1262050</subfield>
    </datafield>
    <datafield tag="651" ind1="2" ind2="7">
      <subfield code="a">United States.</subfield>
      <subfield code="2">fast</subfield>
      <subfield code="0">http://id.worldcat.org/fast/1204155</subfield>
    </datafield>
    <datafield tag="651" ind1="2" ind2="7">
      <subfield code="a">Russia (Federation)</subfield>
      <subfield code="2">fast</subfield>
      <subfield code="0">http://id.worldcat.org/fast/1262050</subfield>
    </datafield>
    <datafield tag="655" ind1=" " ind2="7">
      <subfield code="a">Biographies.</subfield>
      <subfield code="2">lcgft</subfield>
      <subfield code="0">http://id.loc.gov/authorities/genreForms/gf2014026049</subfield>
    </datafield>
    <datafield tag="655" ind1=" " ind2="7">
      <subfield code="a">Biographies.</subfield>
      <subfield code="2">fast</subfield>
      <subfield code="0">http://id.worldcat.org/fast/1919896</subfield>
    </datafield>
    <datafield tag="655" ind1="2" ind2="7">
      <subfield code="a">Biographies.</subfield>
      <subfield code="2">fast</subfield>
      <subfield code="0">http://id.worldcat.org/fast/1919896</subfield>
    </datafield>
    <datafield tag="600" ind1="1" ind2="0">
      <subfield code="a">McFaul, Michael,</subfield>
      <subfield code="d">1963-</subfield>
      <subfield code="0">http://id.loc.gov/authorities/names/n93009014</subfield>
    </datafield>
    <datafield tag="648" ind1=" " ind2="7">
      <subfield code="a">2009-2017.</subfield>
      <subfield code="2">fast</subfield>
    </datafield>
    <datafield tag="648" ind1=" " ind2="7">
      <subfield code="a">1989-.</subfield>
      <subfield code="2">fast</subfield>
    </datafield>
    <datafield tag="776" ind1="0" ind2="8">
      <subfield code="i">Online version:</subfield>
      <subfield code="a">McFaul, Michael, 1963-</subfield>
      <subfield code="t">From Cold War to Hot Peace.</subfield>
      <subfield code="d">Boston : Houghton Mifflin Harcourt, 2018</subfield>
      <subfield code="z">9780544716254</subfield>
      <subfield code="w">(DLC)  2018009678</subfield>
    </datafield>
    <datafield tag="880" ind1=" " ind2="4">
      <subfield code="6">264-00</subfield>
      <subfield code="c">2018</subfield>
    </datafield>
    <datafield tag="902" ind1=" " ind2=" ">
      <subfield code="a">MARCIVE-BF 20190703</subfield>
    </datafield>
    <datafield tag="904" ind1=" " ind2=" ">
      <subfield code="a">MARCIVE 20200629</subfield>
    </datafield>
    <datafield tag="945" ind1=" " ind2="1">
      <subfield code="i">39074026646109</subfield>
      <subfield code="k">MAIN</subfield>
      <subfield code="l">stacks</subfield>
      <subfield code="a">E183.8.R9</subfield>
      <subfield code="b">M235 2018</subfield>
      <subfield code="z">090</subfield>
    </datafield>
    <datafield tag="979" ind1=" " ind2=" ">
      <subfield code="a">(OCoLC)994598511</subfield>
    </datafield>
    <datafield tag="997" ind1=" " ind2=" ">
      <subfield code="a">20180626</subfield>
      <subfield code="d">TEU</subfield>
      <subfield code="c">COUTTS-SR</subfield>
      <subfield code="e">WCAT</subfield>
    </datafield>
    <datafield tag="ADM" ind1=" " ind2=" ">
      <subfield code="b">2020-09-08 23:14:19</subfield>
      <subfield code="e">ocn994598511</subfield>
      <subfield code="d">MARCIVE</subfield>
      <subfield code="f">20190607232704.0</subfield>
      <subfield code="a">2018-06-14 14:38:17</subfield>
      <subfield code="c">false</subfield>
    </datafield>
    <datafield tag="HLD" ind1="0" ind2=" ">
      <subfield code="b">MAIN</subfield>
      <subfield code="c">stacks</subfield>
      <subfield code="h">E183.8.R9</subfield>
      <subfield code="i">M235 2018</subfield>
      <subfield code="8">22427628740003811</subfield>
      <subfield code="updated">2018-06-14 14:38:33</subfield>
      <subfield code="created">2018-06-14 14:38:33</subfield>
    </datafield>
    <datafield tag="ITM" ind1=" " ind2=" ">
      <subfield code="r">22427628740003811</subfield>
      <subfield code="b">1</subfield>
      <subfield code="h">0</subfield>
      <subfield code="g">stacks</subfield>
      <subfield code="t">BOOK</subfield>
      <subfield code="9">39074026646109</subfield>
      <subfield code="e">stacks</subfield>
      <subfield code="l">0</subfield>
      <subfield code="8">23427628730003811</subfield>
      <subfield code="a">0</subfield>
      <subfield code="i">E183.8.R9 M235 2018</subfield>
      <subfield code="updated">2019-04-16 19:27:15</subfield>
      <subfield code="q">2018-06-14 14:38:33</subfield>
      <subfield code="d">MAIN</subfield>
      <subfield code="f">MAIN</subfield>
    </datafield>
  </record>