
  <record>
    <leader>02601cam a2200481 a 4500</leader>
    <controlfield tag="005">20190716102302.0</controlfield>
    <controlfield tag="008">100702t20112011nyua     b    001 0 eng  </controlfield>
    <controlfield tag="001">991007919639703811</controlfield>
    <datafield tag="010" ind1=" " ind2=" ">
      <subfield code="a">2010027654</subfield>
    </datafield>
    <datafield tag="020" ind1=" " ind2=" ">
      <subfield code="a">9780814415115</subfield>
      <subfield code="q">hardcover</subfield>
    </datafield>
    <datafield tag="020" ind1=" " ind2=" ">
      <subfield code="a">0814415113</subfield>
      <subfield code="q">hardcover</subfield>
    </datafield>
    <datafield tag="035" ind1=" " ind2=" ">
      <subfield code="a">(PPT)b45542570-01tuli_inst</subfield>
    </datafield>
    <datafield tag="035" ind1=" " ind2=" ">
      <subfield code="a">(OCoLC)ocn708647597</subfield>
      <subfield code="9">ExL</subfield>
    </datafield>
    <datafield tag="035" ind1=" " ind2=" ">
      <subfield code="a">(OCoLC)639163877</subfield>
      <subfield code="z">(OCoLC)664324774</subfield>
    </datafield>
    <datafield tag="035" ind1=" " ind2=" ">
      <subfield code="a">ocn639163877</subfield>
    </datafield>
    <datafield tag="035" ind1=" " ind2=" ">
      <subfield code="a">(OCLC)ocn639163877</subfield>
    </datafield>
    <datafield tag="040" ind1=" " ind2=" ">
      <subfield code="a">DLC</subfield>
      <subfield code="b">eng</subfield>
      <subfield code="c">DLC</subfield>
      <subfield code="d">YDX</subfield>
      <subfield code="d">BTCTA</subfield>
      <subfield code="d">YDXCP</subfield>
      <subfield code="d">UKM</subfield>
      <subfield code="d">CDX</subfield>
      <subfield code="d">VP@</subfield>
      <subfield code="d">BWX</subfield>
    </datafield>
    <datafield tag="049" ind1=" " ind2=" ">
      <subfield code="a">IG$A</subfield>
    </datafield>
    <datafield tag="079" ind1=" " ind2=" ">
      <subfield code="a">ocn639163877</subfield>
    </datafield>
    <datafield tag="090" ind1=" " ind2=" ">
      <subfield code="a">HD57.7</subfield>
      <subfield code="b">.B323 2011</subfield>
    </datafield>
    <datafield tag="100" ind1="1" ind2=" ">
      <subfield code="a">Bacon, Terry R.</subfield>
      <subfield code="0">http://id.loc.gov/authorities/names/n85149002</subfield>
    </datafield>
    <datafield tag="245" ind1="1" ind2="4">
      <subfield code="a">The elements of power :</subfield>
      <subfield code="b">lessons on leadership and influence /</subfield>
      <subfield code="c">Terry R. Bacon.</subfield>
    </datafield>
    <datafield tag="264" ind1=" " ind2="1">
      <subfield code="a">New York :</subfield>
      <subfield code="b">AMACOM American Management Association,</subfield>
      <subfield code="c">[2011]</subfield>
    </datafield>
    <datafield tag="264" ind1=" " ind2="4">
      <subfield code="c">&#xA9;2011</subfield>
    </datafield>
    <datafield tag="300" ind1=" " ind2=" ">
      <subfield code="a">xii, 306 pages :</subfield>
      <subfield code="b">illustrations ;</subfield>
      <subfield code="c">24 cm</subfield>
    </datafield>
    <datafield tag="336" ind1=" " ind2=" ">
      <subfield code="a">text</subfield>
      <subfield code="b">txt</subfield>
      <subfield code="2">rdacontent</subfield>
    </datafield>
    <datafield tag="337" ind1=" " ind2=" ">
      <subfield code="a">unmediated</subfield>
      <subfield code="b">n</subfield>
      <subfield code="2">rdamedia</subfield>
    </datafield>
    <datafield tag="338" ind1=" " ind2=" ">
      <subfield code="a">volume</subfield>
      <subfield code="b">nc</subfield>
      <subfield code="2">rdacarrier</subfield>
    </datafield>
    <datafield tag="504" ind1=" " ind2=" ">
      <subfield code="a">Includes bibliographical references and index.</subfield>
    </datafield>
    <datafield tag="505" ind1="0" ind2=" ">
      <subfield code="a">Personal power sources -- Shakespeare ate bacon : the power of knowledge -- Mr. Obama goes to Washington : the power of eloquence -- People are strange : the power of relationships -- You like me! you really like me! : the power of attraction -- A diamond scratching every other stone : the power of character -- Sources of organizational power -- Hail to the chief : the power of role and resources -- Information wants to be free : the power of information -- It's who you know : the power of networking -- The tree and its shadow : the power of reputation -- Organized rivalry in the monster's den : power in organizations -- The will to power -- First steps down new roads : the power of will -- Increasing your voltage : how to become more powerful.</subfield>
    </datafield>
    <datafield tag="650" ind1=" " ind2="0">
      <subfield code="a">Leadership.</subfield>
      <subfield code="0">http://id.loc.gov/authorities/subjects/sh85075480</subfield>
    </datafield>
    <datafield tag="650" ind1=" " ind2="7">
      <subfield code="a">Leadership.</subfield>
      <subfield code="2">fast</subfield>
      <subfield code="0">http://id.worldcat.org/fast/994701</subfield>
    </datafield>
    <datafield tag="650" ind1=" " ind2="0">
      <subfield code="a">Control (Psychology)</subfield>
      <subfield code="0">http://id.loc.gov/authorities/subjects/sh85031655</subfield>
    </datafield>
    <datafield tag="650" ind1=" " ind2="7">
      <subfield code="a">Control (Psychology)</subfield>
      <subfield code="2">fast</subfield>
      <subfield code="0">http://id.worldcat.org/fast/877062</subfield>
    </datafield>
    <datafield tag="650" ind1=" " ind2="0">
      <subfield code="a">Interpersonal communication.</subfield>
      <subfield code="0">http://id.loc.gov/authorities/subjects/sh85067481</subfield>
    </datafield>
    <datafield tag="650" ind1=" " ind2="7">
      <subfield code="a">Interpersonal communication.</subfield>
      <subfield code="2">fast</subfield>
      <subfield code="0">http://id.worldcat.org/fast/977344</subfield>
    </datafield>
    <datafield tag="902" ind1=" " ind2=" ">
      <subfield code="a">150424</subfield>
    </datafield>
    <datafield tag="902" ind1=" " ind2=" ">
      <subfield code="a">MARCIVE-BF 20190703</subfield>
    </datafield>
    <datafield tag="904" ind1=" " ind2=" ">
      <subfield code="a">MARCIVE 20200408</subfield>
    </datafield>
    <datafield tag="907" ind1=" " ind2=" ">
      <subfield code="a">.b45542570</subfield>
      <subfield code="b">p    </subfield>
      <subfield code="c">-</subfield>
    </datafield>
    <datafield tag="945" ind1=" " ind2=" ">
      <subfield code="l">pstk </subfield>
      <subfield code="g">1</subfield>
    </datafield>
    <datafield tag="979" ind1=" " ind2=" ">
      <subfield code="a">ocn639163877</subfield>
    </datafield>
    <datafield tag="998" ind1=" " ind2=" ">
      <subfield code="b">1</subfield>
      <subfield code="c">110314</subfield>
      <subfield code="d">m</subfield>
      <subfield code="e">a</subfield>
      <subfield code="f">-</subfield>
      <subfield code="g">4</subfield>
    </datafield>
    <datafield tag="ADM" ind1=" " ind2=" ">
      <subfield code="b">2020-06-30 07:30:33</subfield>
      <subfield code="e">b45542570-01tuli_inst</subfield>
      <subfield code="d">MARCIVE</subfield>
      <subfield code="f">20190607170700.0</subfield>
      <subfield code="a">2017-06-20 11:54:51</subfield>
      <subfield code="c">false</subfield>
    </datafield>
    <datafield tag="HLD" ind1="0" ind2=" ">
      <subfield code="b">ASRS</subfield>
      <subfield code="c">ASRS</subfield>
      <subfield code="h"> HD57.7 </subfield>
      <subfield code="i"> .B323 2011 </subfield>
      <subfield code="8">22466944560003811</subfield>
      <subfield code="updated">2019-05-10 21:06:39</subfield>
      <subfield code="created">2019-05-10 21:06:34</subfield>
    </datafield>
    <datafield tag="ITM" ind1=" " ind2=" ">
      <subfield code="r">22466944560003811</subfield>
      <subfield code="b">1</subfield>
      <subfield code="h">0</subfield>
      <subfield code="g">ASRS</subfield>
      <subfield code="t">BOOK</subfield>
      <subfield code="9">39074025947888</subfield>
      <subfield code="e">ASRS</subfield>
      <subfield code="8">23314544830003811</subfield>
      <subfield code="a">0</subfield>
      <subfield code="i">HD57.7 .B323 2011</subfield>
      <subfield code="updated">2020-09-16 13:32:47</subfield>
      <subfield code="q">2017-06-20 11:54:51</subfield>
      <subfield code="d">ASRS</subfield>
      <subfield code="f">ASRS</subfield>
    </datafield>
  </record>