
  <record>
    <leader>04573cam a2200613 a 4500</leader>
    <controlfield tag="005">20190923164130.0</controlfield>
    <controlfield tag="008">120330t20122012njuab    b    000 0 eng  </controlfield>
    <controlfield tag="001">991031418679703811</controlfield>
    <datafield tag="010" ind1=" " ind2=" ">
      <subfield code="a">2012007989</subfield>
    </datafield>
    <datafield tag="020" ind1=" " ind2=" ">
      <subfield code="a">9781412847759</subfield>
      <subfield code="q">v. 1</subfield>
    </datafield>
    <datafield tag="020" ind1=" " ind2=" ">
      <subfield code="a">1412847753</subfield>
      <subfield code="q">v. 1</subfield>
    </datafield>
    <datafield tag="020" ind1=" " ind2=" ">
      <subfield code="a">9781412847766</subfield>
      <subfield code="q">v. 2</subfield>
    </datafield>
    <datafield tag="020" ind1=" " ind2=" ">
      <subfield code="a">1412847761</subfield>
      <subfield code="q">v. 2</subfield>
    </datafield>
    <datafield tag="020" ind1=" " ind2=" ">
      <subfield code="a">9781412851701</subfield>
      <subfield code="q">v. 3</subfield>
    </datafield>
    <datafield tag="020" ind1=" " ind2=" ">
      <subfield code="a">141285170X</subfield>
      <subfield code="q">v. 3</subfield>
    </datafield>
    <datafield tag="035" ind1=" " ind2=" ">
      <subfield code="a">(PPT)b53399031-01tuli_inst</subfield>
    </datafield>
    <datafield tag="035" ind1=" " ind2=" ">
      <subfield code="a">(OCoLC)ocn827463200</subfield>
      <subfield code="9">ExL</subfield>
    </datafield>
    <datafield tag="035" ind1=" " ind2=" ">
      <subfield code="a">(OCoLC)783520737</subfield>
      <subfield code="z">(OCoLC)793224067</subfield>
      <subfield code="z">(OCoLC)793224068</subfield>
    </datafield>
    <datafield tag="035" ind1=" " ind2=" ">
      <subfield code="a">ocn783520737</subfield>
    </datafield>
    <datafield tag="035" ind1=" " ind2=" ">
      <subfield code="a">(OCLC)ocn783520737</subfield>
    </datafield>
    <datafield tag="040" ind1=" " ind2=" ">
      <subfield code="a">DLC</subfield>
      <subfield code="b">eng</subfield>
      <subfield code="c">DLC</subfield>
      <subfield code="d">YDX</subfield>
      <subfield code="d">BTCTA</subfield>
      <subfield code="d">YDXCP</subfield>
      <subfield code="d">BWX</subfield>
      <subfield code="d">CDX</subfield>
    </datafield>
    <datafield tag="042" ind1=" " ind2=" ">
      <subfield code="a">pcc</subfield>
    </datafield>
    <datafield tag="043" ind1=" " ind2=" ">
      <subfield code="a">n-us---</subfield>
    </datafield>
    <datafield tag="049" ind1=" " ind2=" ">
      <subfield code="a">IG$A</subfield>
    </datafield>
    <datafield tag="079" ind1=" " ind2=" ">
      <subfield code="a">ocn783520737</subfield>
    </datafield>
    <datafield tag="090" ind1=" " ind2=" ">
      <subfield code="a">E185.615</subfield>
      <subfield code="b">.C664 2012</subfield>
    </datafield>
    <datafield tag="245" ind1="0" ind2="0">
      <subfield code="a">Contours of African American politics /</subfield>
      <subfield code="c">edited by Georgia A. Persons.</subfield>
    </datafield>
    <datafield tag="264" ind1=" " ind2="1">
      <subfield code="a">New Brunswick, N.J. :</subfield>
      <subfield code="b">Transaction Publishers,</subfield>
      <subfield code="c">[2012]</subfield>
    </datafield>
    <datafield tag="264" ind1=" " ind2="4">
      <subfield code="c">&#xA9;2012</subfield>
    </datafield>
    <datafield tag="300" ind1=" " ind2=" ">
      <subfield code="a">3 volumes :</subfield>
      <subfield code="b">illustrations, map ;</subfield>
      <subfield code="c">26 cm</subfield>
    </datafield>
    <datafield tag="336" ind1=" " ind2=" ">
      <subfield code="a">text</subfield>
      <subfield code="b">txt</subfield>
      <subfield code="2">rdacontent</subfield>
    </datafield>
    <datafield tag="337" ind1=" " ind2=" ">
      <subfield code="a">unmediated</subfield>
      <subfield code="b">n</subfield>
      <subfield code="2">rdamedia</subfield>
    </datafield>
    <datafield tag="338" ind1=" " ind2=" ">
      <subfield code="a">volume</subfield>
      <subfield code="b">nc</subfield>
      <subfield code="2">rdacarrier</subfield>
    </datafield>
    <datafield tag="500" ind1=" " ind2=" ">
      <subfield code="a">An anthology of articles drawn from prior issues of the National Political Science Review.</subfield>
    </datafield>
    <datafield tag="504" ind1=" " ind2=" ">
      <subfield code="a">Includes bibliographical references.</subfield>
    </datafield>
    <datafield tag="520" ind1=" " ind2=" ">
      <subfield code="a">Contours of African American Politics chronicles the systematic study of African American politics and its subsequent recognition as an established field of scholarly inquiry. African American politics emanates from the demands of the prolonged struggle for black liberation and empowerment. Hence, the study of African American politics has sought to track, codify, and analyze the struggle that has been mounted, and to understand the historic and changing political status of African Americans within American society. Since the 1990s, many analysts of black politics have alternated between lamenting the failings of black politics, and pronouncing its demise. Much of the complaints seem to stem from disappointment that black politics has not produced a broader improvement of the socioeconomic status of black America. In the last twenty years, several socioeconomic indicators, such as the persistently large gap between unemployment levels of blacks and whites, and the long-standing disparity between blacks and whites in terms of income and wealth, have worsened. For many analysts, black politics has lost its defining, quasi-revolutionary zeal and has become too much a part of status-quo politics. The notion of a post-racial America is one that was birthed by the election of Barack Obama as the first African American president of the United States. However, another reality is equally compelling: that for some time now, many African American aspirants for elective office have run against race-specific issues, putting individual desires to win office above the conventionally defined collective interests of black folk. Clearly, the Obama presidential election crystallized a complexity of change that had been underway in America prior to his election. Indeed, did the Obama election signal the end of black politics? Does race remain a useful construct for framing the collective interests of African Americans? Volume III of Contours of African American Politics examines all of these questions, in an effort to understand the more poignant question of what the future holds for that which we have known as black politics. Book jacket.</subfield>
    </datafield>
    <datafield tag="505" ind1="0" ind2=" ">
      <subfield code="a">V. 1. Race and representation in American politics -- v. 2. Black politics and the dynamics of social change -- v. 3. Into the Future : The Demise of African American Politics?</subfield>
    </datafield>
    <datafield tag="650" ind1=" " ind2="0">
      <subfield code="a">African Americans</subfield>
      <subfield code="x">Politics and government.</subfield>
      <subfield code="0">http://id.loc.gov/authorities/subjects/sh95010593</subfield>
    </datafield>
    <datafield tag="650" ind1=" " ind2="7">
      <subfield code="a">African Americans</subfield>
      <subfield code="x">Politics and government.</subfield>
      <subfield code="2">fast</subfield>
      <subfield code="0">http://id.worldcat.org/fast/799659</subfield>
    </datafield>
    <datafield tag="650" ind1="2" ind2="7">
      <subfield code="a">Race relations.</subfield>
      <subfield code="2">fast</subfield>
      <subfield code="0">http://id.worldcat.org/fast/1086509</subfield>
    </datafield>
    <datafield tag="651" ind1=" " ind2="0">
      <subfield code="a">United States</subfield>
      <subfield code="x">Race relations</subfield>
      <subfield code="x">Political aspects.</subfield>
      <subfield code="0">http://id.loc.gov/authorities/subjects/sh2007100015</subfield>
    </datafield>
    <datafield tag="651" ind1="1" ind2="7">
      <subfield code="a">United States.</subfield>
      <subfield code="2">fast</subfield>
      <subfield code="0">http://id.worldcat.org/fast/1204155</subfield>
    </datafield>
    <datafield tag="730" ind1="0" ind2=" ">
      <subfield code="a">National political science review.</subfield>
      <subfield code="0">http://id.loc.gov/authorities/names/nr97003418</subfield>
    </datafield>
    <datafield tag="700" ind1="1" ind2=" ">
      <subfield code="a">Persons, Georgia Anne.</subfield>
      <subfield code="0">http://id.loc.gov/authorities/names/n92052778</subfield>
    </datafield>
    <datafield tag="902" ind1=" " ind2=" ">
      <subfield code="a">150504</subfield>
    </datafield>
    <datafield tag="902" ind1=" " ind2=" ">
      <subfield code="a">MARCIVE-BF 20190703</subfield>
    </datafield>
    <datafield tag="903" ind1=" " ind2=" ">
      <subfield code="a">MARCIVE-TOC201904</subfield>
    </datafield>
    <datafield tag="904" ind1=" " ind2=" ">
      <subfield code="a">MARCIVE-SC</subfield>
    </datafield>
    <datafield tag="904" ind1=" " ind2=" ">
      <subfield code="a">MARCIVE 20200629</subfield>
    </datafield>
    <datafield tag="907" ind1=" " ind2=" ">
      <subfield code="a">.b53399031</subfield>
      <subfield code="b">multi</subfield>
      <subfield code="c">-</subfield>
    </datafield>
    <datafield tag="945" ind1=" " ind2=" ">
      <subfield code="l">b    </subfield>
      <subfield code="u">v.v.1</subfield>
      <subfield code="g">1</subfield>
    </datafield>
    <datafield tag="945" ind1=" " ind2=" ">
      <subfield code="l">b    </subfield>
      <subfield code="u">v.v.2</subfield>
      <subfield code="g">1</subfield>
    </datafield>
    <datafield tag="945" ind1=" " ind2=" ">
      <subfield code="l">b    </subfield>
      <subfield code="u">v.v.3</subfield>
      <subfield code="g">1</subfield>
    </datafield>
    <datafield tag="945" ind1=" " ind2=" ">
      <subfield code="l">pstk </subfield>
      <subfield code="u">v.v.1</subfield>
      <subfield code="g">1</subfield>
    </datafield>
    <datafield tag="979" ind1=" " ind2=" ">
      <subfield code="a">ocn783520737</subfield>
    </datafield>
    <datafield tag="998" ind1=" " ind2=" ">
      <subfield code="b">9</subfield>
      <subfield code="c">130124</subfield>
      <subfield code="d">m</subfield>
      <subfield code="e">a</subfield>
      <subfield code="f">-</subfield>
      <subfield code="g">0</subfield>
    </datafield>
    <datafield tag="998" ind1=" " ind2=" ">
      <subfield code="a">01/24/13</subfield>
      <subfield code="s">OCLC</subfield>
      <subfield code="c">AB</subfield>
    </datafield>
    <datafield tag="ADM" ind1=" " ind2=" ">
      <subfield code="b">2020-09-08 23:57:30</subfield>
      <subfield code="e">b53399031-01tuli_inst</subfield>
      <subfield code="d">MARCIVE</subfield>
      <subfield code="f">20190608035640.0</subfield>
      <subfield code="a">2017-06-20 12:40:46</subfield>
      <subfield code="c">false</subfield>
    </datafield>
    <datafield tag="HLD" ind1="0" ind2=" ">
      <subfield code="b">BLOCKSON</subfield>
      <subfield code="c">rarestacks</subfield>
      <subfield code="h">E185.615</subfield>
      <subfield code="i">.C664 2012</subfield>
      <subfield code="8">22319828570003811</subfield>
      <subfield code="created">2017-06-20 12:40:46</subfield>
    </datafield>
    <datafield tag="HLD" ind1="0" ind2=" ">
      <subfield code="b">ASRS</subfield>
      <subfield code="c">ASRS</subfield>
      <subfield code="h"> E185.615 </subfield>
      <subfield code="i"> .C664 2012 </subfield>
      <subfield code="8">22465270440003811</subfield>
      <subfield code="updated">2019-05-03 21:08:01</subfield>
      <subfield code="created">2019-05-03 21:07:58</subfield>
    </datafield>
    <datafield tag="ITM" ind1=" " ind2=" ">
      <subfield code="r">22319828570003811</subfield>
      <subfield code="b">1</subfield>
      <subfield code="h">0</subfield>
      <subfield code="g">rarestacks</subfield>
      <subfield code="t">BOOK</subfield>
      <subfield code="e">rarestacks</subfield>
      <subfield code="8">23319828540003811</subfield>
      <subfield code="a">3</subfield>
      <subfield code="i">E185.615 .C664 2012</subfield>
      <subfield code="updated">2020-03-25 19:27:52</subfield>
      <subfield code="c">v.2</subfield>
      <subfield code="q">2017-06-20 12:40:46</subfield>
      <subfield code="d">BLOCKSON</subfield>
      <subfield code="f">BLOCKSON</subfield>
    </datafield>
    <datafield tag="ITM" ind1=" " ind2=" ">
      <subfield code="r">22319828570003811</subfield>
      <subfield code="b">1</subfield>
      <subfield code="h">0</subfield>
      <subfield code="g">rarestacks</subfield>
      <subfield code="t">BOOK</subfield>
      <subfield code="e">rarestacks</subfield>
      <subfield code="8">23319828550003811</subfield>
      <subfield code="a">3</subfield>
      <subfield code="i">E185.615 .C664 2012</subfield>
      <subfield code="updated">2020-03-25 19:27:52</subfield>
      <subfield code="c">v.1</subfield>
      <subfield code="q">2017-06-20 12:40:46</subfield>
      <subfield code="d">BLOCKSON</subfield>
      <subfield code="f">BLOCKSON</subfield>
    </datafield>
    <datafield tag="ITM" ind1=" " ind2=" ">
      <subfield code="r">22319828570003811</subfield>
      <subfield code="b">1</subfield>
      <subfield code="h">0</subfield>
      <subfield code="g">rarestacks</subfield>
      <subfield code="t">BOOK</subfield>
      <subfield code="e">rarestacks</subfield>
      <subfield code="8">23319828560003811</subfield>
      <subfield code="a">3</subfield>
      <subfield code="i">E185.615 .C664 2012</subfield>
      <subfield code="updated">2020-03-25 19:27:52</subfield>
      <subfield code="c">v.3</subfield>
      <subfield code="q">2017-06-20 12:40:46</subfield>
      <subfield code="d">BLOCKSON</subfield>
      <subfield code="f">BLOCKSON</subfield>
    </datafield>
    <datafield tag="ITM" ind1=" " ind2=" ">
      <subfield code="r">22465270440003811</subfield>
      <subfield code="b">1</subfield>
      <subfield code="h">0</subfield>
      <subfield code="g">ASRS</subfield>
      <subfield code="t">BOOK</subfield>
      <subfield code="9">39074028170801</subfield>
      <subfield code="e">ASRS</subfield>
      <subfield code="8">23319828580003811</subfield>
      <subfield code="a">0</subfield>
      <subfield code="i">E185.615 .C664 2012</subfield>
      <subfield code="updated">2019-05-03 21:08:26</subfield>
      <subfield code="c">v.1</subfield>
      <subfield code="q">2017-06-20 12:40:46</subfield>
      <subfield code="d">ASRS</subfield>
      <subfield code="f">ASRS</subfield>
    </datafield>
  </record>