
  <record>
    <leader>04793cam a2200541 i 4500</leader>
    <controlfield tag="005">20190716032746.0</controlfield>
    <controlfield tag="008">160414t20162016nyua     b    001 0 eng  </controlfield>
    <controlfield tag="001">991027858729703811</controlfield>
    <datafield tag="010" ind1=" " ind2=" ">
      <subfield code="a">2016016783</subfield>
    </datafield>
    <datafield tag="020" ind1=" " ind2=" ">
      <subfield code="a">9780812993646</subfield>
      <subfield code="q">(hardcover ;)</subfield>
      <subfield code="q">(alkaline paper)</subfield>
    </datafield>
    <datafield tag="020" ind1=" " ind2=" ">
      <subfield code="a">0812993640</subfield>
      <subfield code="q">(hardcover ;)</subfield>
      <subfield code="q">(alkaline paper)</subfield>
    </datafield>
    <datafield tag="020" ind1=" " ind2=" ">
      <subfield code="z">9780812993653</subfield>
      <subfield code="q">(ebook)</subfield>
    </datafield>
    <datafield tag="035" ind1=" " ind2=" ">
      <subfield code="a">(PPT)b63386689-01tuli_inst</subfield>
    </datafield>
    <datafield tag="035" ind1=" " ind2=" ">
      <subfield code="a">(OCoLC)948748304</subfield>
    </datafield>
    <datafield tag="040" ind1=" " ind2=" ">
      <subfield code="a">DGU/DLC</subfield>
      <subfield code="b">eng</subfield>
      <subfield code="e">rda</subfield>
      <subfield code="c">DGU</subfield>
      <subfield code="d">DLC</subfield>
      <subfield code="d">BDX</subfield>
      <subfield code="d">OCLCF</subfield>
      <subfield code="d">FM0</subfield>
      <subfield code="d">CLE</subfield>
      <subfield code="d">JOY</subfield>
      <subfield code="d">YDX</subfield>
      <subfield code="d">BUR</subfield>
      <subfield code="d">GWL</subfield>
      <subfield code="d">VP@</subfield>
      <subfield code="d">BTCTA</subfield>
      <subfield code="d">TULAW</subfield>
    </datafield>
    <datafield tag="042" ind1=" " ind2=" ">
      <subfield code="a">pcc</subfield>
    </datafield>
    <datafield tag="043" ind1=" " ind2=" ">
      <subfield code="a">n-us---</subfield>
      <subfield code="a">a-ir---</subfield>
    </datafield>
    <datafield tag="049" ind1=" " ind2=" ">
      <subfield code="a">TULA</subfield>
    </datafield>
    <datafield tag="050" ind1=" " ind2="4">
      <subfield code="a">E183.8.I55</subfield>
      <subfield code="b">S65 2016</subfield>
    </datafield>
    <datafield tag="090" ind1=" " ind2=" ">
      <subfield code="a">DS63.2.I68</subfield>
      <subfield code="b">S65 2016</subfield>
    </datafield>
    <datafield tag="100" ind1="1" ind2=" ">
      <subfield code="a">Solomon, Jay</subfield>
      <subfield code="c">(Reporter)</subfield>
      <subfield code="e">author.</subfield>
      <subfield code="0">http://id.loc.gov/authorities/names/no2016057439</subfield>
    </datafield>
    <datafield tag="245" ind1="1" ind2="4">
      <subfield code="a">The Iran wars :</subfield>
      <subfield code="b">spy games, bank battles, and the secret deals that reshaped the Middle East /</subfield>
      <subfield code="c">Jay Solomon.</subfield>
    </datafield>
    <datafield tag="250" ind1=" " ind2=" ">
      <subfield code="a">First edition.</subfield>
    </datafield>
    <datafield tag="264" ind1=" " ind2="1">
      <subfield code="a">New York :</subfield>
      <subfield code="b">Random House,</subfield>
      <subfield code="c">[2016]</subfield>
    </datafield>
    <datafield tag="264" ind1=" " ind2="4">
      <subfield code="c">&#xA9;2016</subfield>
    </datafield>
    <datafield tag="300" ind1=" " ind2=" ">
      <subfield code="a">xi, 336 pages :</subfield>
      <subfield code="b">illustration ;</subfield>
      <subfield code="c">25 cm</subfield>
    </datafield>
    <datafield tag="336" ind1=" " ind2=" ">
      <subfield code="a">text</subfield>
      <subfield code="2">rdacontent</subfield>
    </datafield>
    <datafield tag="337" ind1=" " ind2=" ">
      <subfield code="a">unmediated</subfield>
      <subfield code="2">rdamedia</subfield>
    </datafield>
    <datafield tag="338" ind1=" " ind2=" ">
      <subfield code="a">volume</subfield>
      <subfield code="2">rdacarrier</subfield>
    </datafield>
    <datafield tag="520" ind1=" " ind2=" ">
      <subfield code="a">From the chief foreign affairs correspondent for The Wall Street Journal comes a deeply reported exploration of the decades-long power struggle between Iran and the United States that led to a historic (and potentially disastrous) nuclear deal. For more than a decade, the United States has been engaged in a war with Iran as momentous as any other in the Middle East--a war all the more significant as it has largely been hidden from public view. Through a combination of economic sanctions, global diplomacy, and intelligence work, successive U.S. administrations have struggled to contain Iran's aspirations to become a nuclear power and dominate the region--what many view as the most serious threat to peace in the Middle East. Meanwhile, Iran has used regional instability to its advantage to undermine America's interests. The Iran Wars is an absorbing account of a battle waged on many levels--military, financial, and covert. Jay Solomon's book is the product of extensive in-depth reporting and interviews with all the key players in the conflict--from high-ranking Iranian officials to Secretary of State John Kerry and his negotiating team. With a reporter's investigative eye and the narrative dexterity of a historian, Solomon shows how Iran's nuclear development went unnoticed for years by the international community, only to become its top security concern. He catalogs the blunders of both the Bush and Obama administrations as they grappled with how to engage Iran. And he takes us inside the hotel suites where the 2015 nuclear agreement was negotiated, offering a frank assessment of the uncertain future of the U.S.-Iran relationship. This is a book rife with revelations, from the secret communications between the Obama administration and the Iranian government to dispatches from the front lines of the new field of financial warfare. It exposes the hidden history of a conflict most Americans don't even realize is being fought, but whose outcome could have far-reaching geopolitical implications.--Adapted from dust jacket.</subfield>
    </datafield>
    <datafield tag="504" ind1=" " ind2=" ">
      <subfield code="a">Includes bibliographical references (pages 307-320) and index.</subfield>
    </datafield>
    <datafield tag="505" ind1="0" ind2=" ">
      <subfield code="a">Prologue : a diplomatic ruse -- The Persian domino -- The missed chance -- The Shiite crescent -- The axis of resistance -- The physics research center -- The Rial war -- The clenched fist -- Black gold -- The Arab spring -- The road to Vienna -- Khamenei's shadow -- Conclusion : war and peace.</subfield>
    </datafield>
    <datafield tag="650" ind1=" " ind2="7">
      <subfield code="a">Nuclear arms control.</subfield>
      <subfield code="2">fast</subfield>
      <subfield code="0">http://id.worldcat.org/fast/1039881</subfield>
    </datafield>
    <datafield tag="650" ind1="1" ind2="7">
      <subfield code="a">Nuclear arms control.</subfield>
      <subfield code="2">fast</subfield>
      <subfield code="0">http://id.worldcat.org/fast/1039881</subfield>
    </datafield>
    <datafield tag="650" ind1="1" ind2="7">
      <subfield code="a">Nuclear weapons.</subfield>
      <subfield code="2">fast</subfield>
      <subfield code="0">http://id.worldcat.org/fast/1040971</subfield>
    </datafield>
    <datafield tag="650" ind1="1" ind2="7">
      <subfield code="a">Economic sanctions, American.</subfield>
      <subfield code="2">fast</subfield>
      <subfield code="0">http://id.worldcat.org/fast/902065</subfield>
    </datafield>
    <datafield tag="650" ind1="2" ind2="7">
      <subfield code="a">International relations.</subfield>
      <subfield code="2">fast</subfield>
      <subfield code="0">http://id.worldcat.org/fast/977053</subfield>
    </datafield>
    <datafield tag="650" ind1=" " ind2="0">
      <subfield code="a">Economic sanctions, American</subfield>
      <subfield code="z">Iran.</subfield>
      <subfield code="0">http://id.loc.gov/authorities/subjects/sh2009124609</subfield>
    </datafield>
    <datafield tag="650" ind1=" " ind2="0">
      <subfield code="a">Nuclear weapons</subfield>
      <subfield code="z">Iran.</subfield>
      <subfield code="0">http://id.loc.gov/authorities/subjects/sh2008108247</subfield>
    </datafield>
    <datafield tag="650" ind1=" " ind2="0">
      <subfield code="a">Nuclear arms control</subfield>
      <subfield code="0">http://id.loc.gov/authorities/subjects/sh85092943</subfield>
      <subfield code="z">Iran.</subfield>
      <subfield code="0">http://id.loc.gov/authorities/names/n79039880</subfield>
    </datafield>
    <datafield tag="650" ind1=" " ind2="7">
      <subfield code="a">Diplomatic relations.</subfield>
      <subfield code="2">fast</subfield>
      <subfield code="0">http://id.worldcat.org/fast/1907412</subfield>
    </datafield>
    <datafield tag="650" ind1=" " ind2="7">
      <subfield code="a">Economic sanctions, American.</subfield>
      <subfield code="2">fast</subfield>
      <subfield code="0">http://id.worldcat.org/fast/902065</subfield>
    </datafield>
    <datafield tag="650" ind1=" " ind2="7">
      <subfield code="a">Nuclear weapons.</subfield>
      <subfield code="2">fast</subfield>
      <subfield code="0">http://id.worldcat.org/fast/1040971</subfield>
    </datafield>
    <datafield tag="651" ind1=" " ind2="0">
      <subfield code="a">United States</subfield>
      <subfield code="x">Foreign relations</subfield>
      <subfield code="z">Iran.</subfield>
      <subfield code="0">http://id.loc.gov/authorities/subjects/sh85140112</subfield>
    </datafield>
    <datafield tag="651" ind1=" " ind2="0">
      <subfield code="a">Iran</subfield>
      <subfield code="x">Foreign relations</subfield>
      <subfield code="z">United States.</subfield>
      <subfield code="0">http://id.loc.gov/authorities/subjects/sh85067894</subfield>
    </datafield>
    <datafield tag="651" ind1=" " ind2="7">
      <subfield code="a">Iran.</subfield>
      <subfield code="2">fast</subfield>
      <subfield code="0">http://id.worldcat.org/fast/1204889</subfield>
    </datafield>
    <datafield tag="651" ind1=" " ind2="7">
      <subfield code="a">United States.</subfield>
      <subfield code="2">fast</subfield>
      <subfield code="0">http://id.worldcat.org/fast/1204155</subfield>
    </datafield>
    <datafield tag="651" ind1="2" ind2="7">
      <subfield code="a">Iran.</subfield>
      <subfield code="2">fast</subfield>
      <subfield code="0">http://id.worldcat.org/fast/1204889</subfield>
    </datafield>
    <datafield tag="651" ind1="1" ind2="7">
      <subfield code="a">Iran.</subfield>
      <subfield code="2">fast</subfield>
      <subfield code="0">http://id.worldcat.org/fast/1204889</subfield>
    </datafield>
    <datafield tag="651" ind1="2" ind2="7">
      <subfield code="a">United States.</subfield>
      <subfield code="2">fast</subfield>
      <subfield code="0">http://id.worldcat.org/fast/1204155</subfield>
    </datafield>
    <datafield tag="651" ind1="1" ind2="7">
      <subfield code="a">United States.</subfield>
      <subfield code="2">fast</subfield>
      <subfield code="0">http://id.worldcat.org/fast/1204155</subfield>
    </datafield>
    <datafield tag="902" ind1=" " ind2=" ">
      <subfield code="a">MARCIVE-BF 20190703</subfield>
    </datafield>
    <datafield tag="904" ind1=" " ind2=" ">
      <subfield code="a">MARCIVE 20200629</subfield>
    </datafield>
    <datafield tag="907" ind1=" " ind2=" ">
      <subfield code="a">.b63386689</subfield>
      <subfield code="b">l    </subfield>
      <subfield code="c">-</subfield>
    </datafield>
    <datafield tag="945" ind1=" " ind2=" ">
      <subfield code="l">lstk </subfield>
      <subfield code="g">1</subfield>
    </datafield>
    <datafield tag="998" ind1=" " ind2=" ">
      <subfield code="b">0</subfield>
      <subfield code="c">161017</subfield>
      <subfield code="d">m</subfield>
      <subfield code="e">a</subfield>
      <subfield code="f">-</subfield>
      <subfield code="g">4</subfield>
    </datafield>
    <datafield tag="ADM" ind1=" " ind2=" ">
      <subfield code="b">2020-09-08 23:14:44</subfield>
      <subfield code="e">b63386689-01tuli_inst</subfield>
      <subfield code="d">MARCIVE</subfield>
      <subfield code="f">20190607193105.0</subfield>
      <subfield code="a">2017-06-20 09:49:04</subfield>
      <subfield code="c">false</subfield>
    </datafield>
    <datafield tag="HLD" ind1="0" ind2=" ">
      <subfield code="b">LAW</subfield>
      <subfield code="c">closestack</subfield>
      <subfield code="h">DS63.2.I68</subfield>
      <subfield code="i">S65 2016</subfield>
      <subfield code="8">22297343450003811</subfield>
      <subfield code="created">2017-06-20 09:49:04</subfield>
    </datafield>
    <datafield tag="ITM" ind1=" " ind2=" ">
      <subfield code="r">22297343450003811</subfield>
      <subfield code="b">1</subfield>
      <subfield code="h">0</subfield>
      <subfield code="g">closestack</subfield>
      <subfield code="t">BOOK</subfield>
      <subfield code="9">39074804679934</subfield>
      <subfield code="e">closestack</subfield>
      <subfield code="8">23297343430003811</subfield>
      <subfield code="a">0</subfield>
      <subfield code="i">DS63.2.I68 S65 2016</subfield>
      <subfield code="updated">2019-04-18 20:04:07</subfield>
      <subfield code="q">2017-06-20 09:49:04</subfield>
      <subfield code="d">LAW</subfield>
      <subfield code="f">LAW</subfield>
    </datafield>
  </record>