
  <record>
    <leader>06925cam a2200505 a 4500</leader>
    <controlfield tag="005">20190716114428.0</controlfield>
    <controlfield tag="008">110419t20112011nyu      b    001 0 eng  </controlfield>
    <controlfield tag="001">991025548329703811</controlfield>
    <datafield tag="010" ind1=" " ind2=" ">
      <subfield code="a">2011016196</subfield>
    </datafield>
    <datafield tag="020" ind1=" " ind2=" ">
      <subfield code="a">9781451611991</subfield>
    </datafield>
    <datafield tag="020" ind1=" " ind2=" ">
      <subfield code="a">1451611994</subfield>
    </datafield>
    <datafield tag="020" ind1=" " ind2=" ">
      <subfield code="a">9781451612028</subfield>
      <subfield code="q">ebook</subfield>
    </datafield>
    <datafield tag="020" ind1=" " ind2=" ">
      <subfield code="a">1451612028</subfield>
      <subfield code="q">ebook</subfield>
    </datafield>
    <datafield tag="024" ind1="8" ind2=" ">
      <subfield code="a">40019765420</subfield>
    </datafield>
    <datafield tag="035" ind1=" " ind2=" ">
      <subfield code="a">(PPT)b50941823-01tuli_inst</subfield>
    </datafield>
    <datafield tag="035" ind1=" " ind2=" ">
      <subfield code="a">(OCoLC)ocn778704943</subfield>
      <subfield code="9">ExL</subfield>
    </datafield>
    <datafield tag="035" ind1=" " ind2=" ">
      <subfield code="a">(OCoLC)714725391</subfield>
    </datafield>
    <datafield tag="035" ind1=" " ind2=" ">
      <subfield code="a">ocn714725391</subfield>
    </datafield>
    <datafield tag="035" ind1=" " ind2=" ">
      <subfield code="a">(OCLC)ocn714725391</subfield>
    </datafield>
    <datafield tag="040" ind1=" " ind2=" ">
      <subfield code="a">DLC</subfield>
      <subfield code="b">eng</subfield>
      <subfield code="c">DLC</subfield>
      <subfield code="d">YDX</subfield>
      <subfield code="d">BTCTA</subfield>
      <subfield code="d">YDXCP</subfield>
      <subfield code="d">NIE</subfield>
      <subfield code="d">UPZ</subfield>
      <subfield code="d">JRS</subfield>
      <subfield code="d">SGB</subfield>
      <subfield code="d">BWX</subfield>
      <subfield code="d">MOF</subfield>
      <subfield code="d">IXA</subfield>
      <subfield code="d">NSB</subfield>
      <subfield code="d">GZI</subfield>
      <subfield code="d">CDX</subfield>
      <subfield code="d">YUS</subfield>
    </datafield>
    <datafield tag="042" ind1=" " ind2=" ">
      <subfield code="a">pcc</subfield>
    </datafield>
    <datafield tag="043" ind1=" " ind2=" ">
      <subfield code="a">n-us---</subfield>
    </datafield>
    <datafield tag="079" ind1=" " ind2=" ">
      <subfield code="a">ocn714725391</subfield>
    </datafield>
    <datafield tag="090" ind1=" " ind2=" ">
      <subfield code="a">LA217.2</subfield>
      <subfield code="b">.B77 2011</subfield>
    </datafield>
    <datafield tag="100" ind1="1" ind2=" ">
      <subfield code="a">Brill, Steven,</subfield>
      <subfield code="d">1950-</subfield>
      <subfield code="0">http://id.loc.gov/authorities/names/n83061548</subfield>
    </datafield>
    <datafield tag="245" ind1="1" ind2="0">
      <subfield code="a">Class warfare :</subfield>
      <subfield code="b">inside the fight to fix America's schools /</subfield>
      <subfield code="c">Steven Brill.</subfield>
    </datafield>
    <datafield tag="264" ind1=" " ind2="1">
      <subfield code="a">New York :</subfield>
      <subfield code="b">Simon &amp; Schuster,</subfield>
      <subfield code="c">[2011]</subfield>
    </datafield>
    <datafield tag="264" ind1=" " ind2="4">
      <subfield code="c">&#xA9;2011</subfield>
    </datafield>
    <datafield tag="300" ind1=" " ind2=" ">
      <subfield code="a">xii, 478 pages ;</subfield>
      <subfield code="c">25 cm</subfield>
    </datafield>
    <datafield tag="336" ind1=" " ind2=" ">
      <subfield code="a">text</subfield>
      <subfield code="b">txt</subfield>
      <subfield code="2">rdacontent</subfield>
    </datafield>
    <datafield tag="337" ind1=" " ind2=" ">
      <subfield code="a">unmediated</subfield>
      <subfield code="b">n</subfield>
      <subfield code="2">rdamedia</subfield>
    </datafield>
    <datafield tag="338" ind1=" " ind2=" ">
      <subfield code="a">volume</subfield>
      <subfield code="b">nc</subfield>
      <subfield code="2">rdacarrier</subfield>
    </datafield>
    <datafield tag="504" ind1=" " ind2=" ">
      <subfield code="a">Includes bibliographical references (pages [443]-449) and index.</subfield>
    </datafield>
    <datafield tag="505" ind1="0" ind2=" ">
      <subfield code="a">The race -- Juicy words -- The epiphanies -- Be obedient. Be good. Keep your mouth shut. -- If an unfriendly foreign power had attempted -- A hopelessly nai&#x308;ve thesis -- A governor and a president take center stage -- Payroll to payroll -- Lighting up the capitol switchboard -- The backlash -- Schoolyard classroom -- The discovery : good teaching matters -- The network -- No child left behind -- Don't worry, it's just a parent -- The union won't allow it -- The idea wasn't just to keep them from killing somebody -- How could the Democrats be against this? -- Seeing George Soros's apartment -- New York realities -- Our party has got to wake up on this -- The co-location trap -- Creating a new school system the hard way -- Colorado says half of you won't graduate -- The pol and the moneymen -- Foxes in the henhouse -- Mounting evidence -- This just seemed so obvious -- More money, no hassles -- Building Harlem success -- This is not a self-esteem movement -- You really don't want to hire me -- Pulling the rug out -- Money meets data -- Hillary for teachers, teachers for Hillary -- Forward, backward in New York -- $45,000 well spent -- Faceless bureaucracy -- Back in the classroom -- Quarantine the data -- Climbing the ladder -- Rhee's choice : your union or $130,000 -- Turning around the USS Gates -- The new Democrats -- Two returns to the classroom -- Wake up, Obama just talked about you -- Inside baseball -- What do you guys think you could do with a hundred billion? -- The chosen four -- They'll do backflips -- Things I can't change from this building -- Widgets -- Agreement in Pittsburgh -- The opposite of venture capital -- Outcomes, not achievement -- Obfuscating the issue, fooling the reviewers -- A shriek on Park Avenue -- The Feinberg gambit -- School reform : the movie -- Firing everyone -- My baby is reading -- Going over to the other side -- A baffling round one -- Varnish on a sinking ship -- Two winners -- Back on the horse in Colorado -- Billionaires trapped in an elevator -- Rhee's breakthrough -- He met with everyone -- A New York breakthrough--or mirage? -- Rocky Mountain high -- Honored, humbled, hopeful--and horrified -- She's de Klerk in South Africa. We have to help her. -- The quiet revolution -- Teach like your hair's on fire -- Klein's and Mulgrew's wonderful negotiation -- From inside baseball to public accountability -- Arne, here's the column you've been missing -- Soaring dreams, street-level politics -- Rhee rejected -- I'll email your dad and tell him -- The Mujahideen and the moderates -- Punch, counterpunch -- A marathon, not a sprint.</subfield>
    </datafield>
    <datafield tag="520" ind1=" " ind2=" ">
      <subfield code="a">This work looks at why many of America's schools are failing and relates how parents, activists, and education reformers are joining together to fix a system that works for adults but consistently fails the children it is meant to educate. In it the author takes a look at the adults who are fighting over America's failure to educate its children, and points the way to reversing that failure. It is filled with unexpected twists and turns, takes us from the Oval Office, where President Obama signs off on an unprecedented plan that will infuriate the teachers' unions because it offers billions to States that win an education reform "contest" ; to boisterous assemblies, where parents join the fight over their children's schools; to a Fifth Avenue apartment, where billionaires plan a secret fund to promote school reform; to a Colorado high school, where students who seemed destined to fail are instead propelled to college; to state capitols across the country, where school reformers hoping to win Obama's "contest" push bills that would have been unimaginable a few years ago.  It is the story of an unlikely army, fed-up public school parents, Ivy League idealists, hedge-funders, civil rights activists, conservative Republicans, insurgent Democrats, squaring off against unions that the reformers claim are protecting a system that works for the adults but victimizes the children. The book is filled with extraordinary people taking extraordinary paths: a young woman who goes into teaching almost by accident, then becomes so talented and driven that fighting burnout becomes her biggest challenge; an antitrust lawyer who almost brought down Bill Gates's Microsoft and now forms a partnership with Bill and Melinda Gates to overhaul New York's schools; a naive Princeton student who launches an army of school reformers with her senior thesis; a California teachers' union lobbyist who becomes the mayor of Los Angeles and then the union's prime antagonist; a stubborn young teacher who, as a child growing up on Park Avenue, had been assumed to be learning disabled but ends up co-founding the nation's most successful charter schools; and an anguished national union leader who walks a tightrope between compromising enough to save her union and giving in so much that her members will throw her out.  The author not only takes us inside their roller coaster battles, he also concludes with a surprising prescription for what it will take from both sides to put the American dream back in America's schools.</subfield>
    </datafield>
    <datafield tag="650" ind1=" " ind2="0">
      <subfield code="a">Public schools</subfield>
      <subfield code="z">United States.</subfield>
      <subfield code="0">http://id.loc.gov/authorities/subjects/sh2008110236</subfield>
    </datafield>
    <datafield tag="650" ind1=" " ind2="0">
      <subfield code="a">School improvement programs</subfield>
      <subfield code="z">United States.</subfield>
      <subfield code="0">http://id.loc.gov/authorities/subjects/sh2008111248</subfield>
    </datafield>
    <datafield tag="650" ind1=" " ind2="0">
      <subfield code="a">Education and state</subfield>
      <subfield code="z">United States.</subfield>
      <subfield code="0">http://id.loc.gov/authorities/subjects/sh2008102666</subfield>
    </datafield>
    <datafield tag="650" ind1="1" ind2="7">
      <subfield code="a">Education and state.</subfield>
      <subfield code="2">fast</subfield>
      <subfield code="0">http://id.worldcat.org/fast/902835</subfield>
    </datafield>
    <datafield tag="650" ind1="1" ind2="7">
      <subfield code="a">School improvement programs.</subfield>
      <subfield code="2">fast</subfield>
      <subfield code="0">http://id.worldcat.org/fast/1107461</subfield>
    </datafield>
    <datafield tag="650" ind1="1" ind2="7">
      <subfield code="a">Public schools.</subfield>
      <subfield code="2">fast</subfield>
      <subfield code="0">http://id.worldcat.org/fast/1082942</subfield>
    </datafield>
    <datafield tag="651" ind1="2" ind2="7">
      <subfield code="a">United States.</subfield>
      <subfield code="2">fast</subfield>
      <subfield code="0">http://id.worldcat.org/fast/1204155</subfield>
    </datafield>
    <datafield tag="902" ind1=" " ind2=" ">
      <subfield code="a">170424</subfield>
    </datafield>
    <datafield tag="902" ind1=" " ind2=" ">
      <subfield code="a">MARCIVE-BF 20190703</subfield>
    </datafield>
    <datafield tag="904" ind1=" " ind2=" ">
      <subfield code="a">MARCIVE 20200629</subfield>
    </datafield>
    <datafield tag="907" ind1=" " ind2=" ">
      <subfield code="a">.b50941823</subfield>
      <subfield code="b">a    </subfield>
      <subfield code="c">-</subfield>
    </datafield>
    <datafield tag="945" ind1=" " ind2=" ">
      <subfield code="l">astk </subfield>
      <subfield code="g">1</subfield>
    </datafield>
    <datafield tag="979" ind1=" " ind2=" ">
      <subfield code="a">ocn714725391</subfield>
    </datafield>
    <datafield tag="998" ind1=" " ind2=" ">
      <subfield code="b">1</subfield>
      <subfield code="c">120206</subfield>
      <subfield code="d">m</subfield>
      <subfield code="e">a</subfield>
      <subfield code="f">-</subfield>
      <subfield code="g">0</subfield>
    </datafield>
    <datafield tag="ADM" ind1=" " ind2=" ">
      <subfield code="b">2020-10-17 12:11:45</subfield>
      <subfield code="e">b50941823-01tuli_inst</subfield>
      <subfield code="d">MARCIVE</subfield>
      <subfield code="f">20190607223525.0</subfield>
      <subfield code="a">2017-06-20 10:17:19</subfield>
      <subfield code="c">false</subfield>
    </datafield>
    <datafield tag="HLD" ind1="0" ind2=" ">
      <subfield code="b">AMBLER</subfield>
      <subfield code="c">stacks</subfield>
      <subfield code="h">LA217.2</subfield>
      <subfield code="i">.B77 2011</subfield>
      <subfield code="8">22301570240003811</subfield>
      <subfield code="created">2017-06-20 10:17:19</subfield>
    </datafield>
    <datafield tag="ITM" ind1=" " ind2=" ">
      <subfield code="r">22301570240003811</subfield>
      <subfield code="b">0</subfield>
      <subfield code="h">0</subfield>
      <subfield code="g">stacks</subfield>
      <subfield code="t">BOOK</subfield>
      <subfield code="9">39074026206623</subfield>
      <subfield code="e">stacks</subfield>
      <subfield code="8">23301570230003811</subfield>
      <subfield code="a">0</subfield>
      <subfield code="i">LA217.2 .B77 2011</subfield>
      <subfield code="updated">2017-07-02 13:57:47</subfield>
      <subfield code="u">LOAN</subfield>
      <subfield code="q">2017-06-20 10:17:19</subfield>
      <subfield code="d">AMBLER</subfield>
      <subfield code="f">AMBLER</subfield>
    </datafield>
  </record>