
  <record>
    <leader>03112cam  2200409 i 4500</leader>
    <controlfield tag="005">20200316182059.0</controlfield>
    <controlfield tag="008">190828s2020    mdu      b    001 0 eng d</controlfield>
    <controlfield tag="001">991037392107903811</controlfield>
    <datafield tag="019" ind1=" " ind2=" ">
      <subfield code="a">1114509812</subfield>
      <subfield code="a">1114771196</subfield>
    </datafield>
    <datafield tag="020" ind1=" " ind2=" ">
      <subfield code="a">1498588867</subfield>
      <subfield code="q">hardcover</subfield>
    </datafield>
    <datafield tag="020" ind1=" " ind2=" ">
      <subfield code="a">9781498588867</subfield>
      <subfield code="q">hardcover</subfield>
    </datafield>
    <datafield tag="035" ind1=" " ind2=" ">
      <subfield code="a">(OCoLC)1114426405</subfield>
    </datafield>
    <datafield tag="040" ind1=" " ind2=" ">
      <subfield code="a">YDX</subfield>
      <subfield code="b">eng</subfield>
      <subfield code="e">rda</subfield>
      <subfield code="c">YDX</subfield>
      <subfield code="d">YDXIT</subfield>
      <subfield code="d">KSG</subfield>
      <subfield code="d">MNN</subfield>
      <subfield code="d">OCLCF</subfield>
    </datafield>
    <datafield tag="043" ind1=" " ind2=" ">
      <subfield code="a">n-us---</subfield>
      <subfield code="a">a-ir---</subfield>
    </datafield>
    <datafield tag="050" ind1=" " ind2="4">
      <subfield code="a">E183.8.I55</subfield>
      <subfield code="b">E58 2020</subfield>
    </datafield>
    <datafield tag="082" ind1="0" ind2="4">
      <subfield code="a">327.73055</subfield>
      <subfield code="2">23</subfield>
    </datafield>
    <datafield tag="100" ind1="1" ind2=" ">
      <subfield code="a">Entessar, Nader</subfield>
      <subfield code="e">author.</subfield>
    </datafield>
    <datafield tag="245" ind1="1" ind2="0">
      <subfield code="a">Trump and Iran :</subfield>
      <subfield code="b">from containment to confrontation /</subfield>
      <subfield code="c">Nader Entessar and Kaveh L. Afrasiabi.</subfield>
    </datafield>
    <datafield tag="264" ind1=" " ind2="1">
      <subfield code="a">Lanham, Maryland :</subfield>
      <subfield code="b">Lexington Books,</subfield>
      <subfield code="c">[2020]</subfield>
    </datafield>
    <datafield tag="300" ind1=" " ind2=" ">
      <subfield code="a">ix, 277 pages ;</subfield>
      <subfield code="c">24 cm</subfield>
    </datafield>
    <datafield tag="336" ind1=" " ind2=" ">
      <subfield code="a">text</subfield>
      <subfield code="b">txt</subfield>
      <subfield code="2">rdacontent</subfield>
    </datafield>
    <datafield tag="337" ind1=" " ind2=" ">
      <subfield code="a">unmediated</subfield>
      <subfield code="b">n</subfield>
      <subfield code="2">rdamedia</subfield>
    </datafield>
    <datafield tag="338" ind1=" " ind2=" ">
      <subfield code="a">volume</subfield>
      <subfield code="b">nc</subfield>
      <subfield code="2">rdacarrier</subfield>
    </datafield>
    <datafield tag="504" ind1=" " ind2=" ">
      <subfield code="a">Includes bibliographical references (pages 201-265) and index.</subfield>
    </datafield>
    <datafield tag="505" ind1="0" ind2=" ">
      <subfield code="a">Trump and Obama's mixed Iran legacy -- Trump and Iran nuclear program -- Maximum pressure strategy and Iran's response -- Extended compellence and European diplomacy -- The regional dimension -- War scenarios and Iran's defense strategy -- Paths to new US-Iran diplomacy.</subfield>
    </datafield>
    <datafield tag="520" ind1=" " ind2=" ">
      <subfield code="a">"With the advent of the Trump Administration, relations between Iran and the United States have become increasingly conflictual to the point that a future war between the two countries is a realistic possibility. President Trump has unilaterally withdrawn the US from the historic Iran nuclear accord and has re-imposed the nuclear-related sanctions, which had been removed as a result of that accord. Reflecting a new determined US effort to curb Iran's hegemonic behavior throughout the Middle East, Trump's Iran policy has all the markings of a sharp discontinuity in the Iran containment strategy of the previous six US administrations. The regime change policy, spearheaded by a hawkish cabinet with a long history of antipathy toward the Iranian government, has become the most salient feature of US policy toward Iran under President Trump. This turn in US foreign policy has important consequences not just for Iran but also for Iran's neighbors and prospects of long-term stability in the Persian Gulf and beyond. This book seeks to examine the fluid dynamic of US-Iran relations in the Trump era by providing a social scientific understanding of the pattern of hostility and antagonism between Washington and Tehran and the resulting spiraling conflict that may lead to a disastrous war in the region." --</subfield>
      <subfield code="c">Provided by publisher.</subfield>
    </datafield>
    <datafield tag="648" ind1=" " ind2="7">
      <subfield code="a">Since 2017</subfield>
      <subfield code="2">fast</subfield>
    </datafield>
    <datafield tag="650" ind1=" " ind2="7">
      <subfield code="a">Diplomatic relations.</subfield>
      <subfield code="2">fast</subfield>
      <subfield code="0">(OCoLC)fst01907412</subfield>
    </datafield>
    <datafield tag="651" ind1=" " ind2="0">
      <subfield code="a">United States</subfield>
      <subfield code="x">Foreign relations</subfield>
      <subfield code="z">Iran.</subfield>
    </datafield>
    <datafield tag="651" ind1=" " ind2="0">
      <subfield code="a">United States</subfield>
      <subfield code="x">Foreign relations</subfield>
      <subfield code="y">2017-</subfield>
    </datafield>
    <datafield tag="651" ind1=" " ind2="0">
      <subfield code="a">Iran</subfield>
      <subfield code="x">Foreign relations</subfield>
      <subfield code="z">United States.</subfield>
    </datafield>
    <datafield tag="651" ind1=" " ind2="7">
      <subfield code="a">Iran.</subfield>
      <subfield code="2">fast</subfield>
      <subfield code="0">(OCoLC)fst01204889</subfield>
    </datafield>
    <datafield tag="651" ind1=" " ind2="7">
      <subfield code="a">United States.</subfield>
      <subfield code="2">fast</subfield>
      <subfield code="0">(OCoLC)fst01204155</subfield>
    </datafield>
    <datafield tag="700" ind1="1" ind2=" ">
      <subfield code="a">Afrasiabi, Kaveh L.,</subfield>
      <subfield code="e">author.</subfield>
    </datafield>
    <datafield tag="945" ind1=" " ind2="1">
      <subfield code="i">39074031829799</subfield>
      <subfield code="k">MAIN</subfield>
      <subfield code="l">newbooks</subfield>
      <subfield code="a">E183.8.I55</subfield>
      <subfield code="b">E58 2020</subfield>
      <subfield code="z">090</subfield>
    </datafield>
    <datafield tag="979" ind1=" " ind2=" ">
      <subfield code="a">(OCoLC)1114426405</subfield>
    </datafield>
    <datafield tag="997" ind1=" " ind2=" ">
      <subfield code="a">20200224</subfield>
      <subfield code="d">TEU</subfield>
      <subfield code="c">COUTTS-SR</subfield>
      <subfield code="e">WCAT</subfield>
    </datafield>
    <datafield tag="ADM" ind1=" " ind2=" ">
      <subfield code="b">2020-09-08 23:09:23</subfield>
      <subfield code="e">on1114426405</subfield>
      <subfield code="d">OCLC</subfield>
      <subfield code="f">20200225164615.0</subfield>
      <subfield code="a">2020-02-13 15:44:14</subfield>
      <subfield code="c">false</subfield>
    </datafield>
    <datafield tag="HLD" ind1="0" ind2=" ">
      <subfield code="b">MAIN</subfield>
      <subfield code="c">stacks</subfield>
      <subfield code="h">E183.8.I55</subfield>
      <subfield code="i">E58 2020</subfield>
      <subfield code="8">22529336930003811</subfield>
      <subfield code="updated">2020-08-18 13:40:51</subfield>
      <subfield code="created">2020-08-18 13:40:51</subfield>
    </datafield>
    <datafield tag="ITM" ind1=" " ind2=" ">
      <subfield code="r">22529336930003811</subfield>
      <subfield code="b">1</subfield>
      <subfield code="h">0</subfield>
      <subfield code="g">stacks</subfield>
      <subfield code="t">BOOK</subfield>
      <subfield code="9">39074031829799</subfield>
      <subfield code="e">stacks</subfield>
      <subfield code="l">0</subfield>
      <subfield code="8">23495538210003811</subfield>
      <subfield code="a">0</subfield>
      <subfield code="i">E183.8.I55 E58 2020</subfield>
      <subfield code="updated">2020-10-08 17:54:08</subfield>
      <subfield code="q">2020-02-13 15:46:47</subfield>
      <subfield code="d">MAIN</subfield>
      <subfield code="f">MAIN</subfield>
    </datafield>
  </record>