
  <record>
    <leader>03549cam a2200493 i 4500</leader>
    <controlfield tag="005">20190715202508.0</controlfield>
    <controlfield tag="008">130104s2013    nyua     b    001 0 eng  </controlfield>
    <controlfield tag="001">991000858869703811</controlfield>
    <datafield tag="010" ind1=" " ind2=" ">
      <subfield code="a">2013000191</subfield>
    </datafield>
    <datafield tag="020" ind1=" " ind2=" ">
      <subfield code="a">9780199766994</subfield>
      <subfield code="q">(hardback)</subfield>
      <subfield code="q">(alkaline paper)</subfield>
    </datafield>
    <datafield tag="020" ind1=" " ind2=" ">
      <subfield code="a">0199766991</subfield>
      <subfield code="q">(hardback)</subfield>
      <subfield code="q">(alkaline paper)</subfield>
    </datafield>
    <datafield tag="020" ind1=" " ind2=" ">
      <subfield code="a">9780199767007</subfield>
      <subfield code="q">(alkaline paper)</subfield>
    </datafield>
    <datafield tag="020" ind1=" " ind2=" ">
      <subfield code="a">0199767009</subfield>
      <subfield code="q">(alkaline paper)</subfield>
    </datafield>
    <datafield tag="035" ind1=" " ind2=" ">
      <subfield code="a">(PPT)b5542174x-01tuli_inst</subfield>
    </datafield>
    <datafield tag="035" ind1=" " ind2=" ">
      <subfield code="a">(OCoLC)ocn868962676</subfield>
      <subfield code="9">ExL</subfield>
    </datafield>
    <datafield tag="035" ind1=" " ind2=" ">
      <subfield code="a">(OCoLC)827841362</subfield>
      <subfield code="z">(OCoLC)827841363</subfield>
    </datafield>
    <datafield tag="035" ind1=" " ind2=" ">
      <subfield code="a">ocn827841362</subfield>
    </datafield>
    <datafield tag="035" ind1=" " ind2=" ">
      <subfield code="a">(OCLC)ocn827841362</subfield>
    </datafield>
    <datafield tag="040" ind1=" " ind2=" ">
      <subfield code="a">DLC</subfield>
      <subfield code="b">eng</subfield>
      <subfield code="e">rda</subfield>
      <subfield code="c">DLC</subfield>
      <subfield code="d">YDXCP</subfield>
      <subfield code="d">BTCTA</subfield>
      <subfield code="d">OCLCO</subfield>
      <subfield code="d">UKMGB</subfield>
      <subfield code="d">BDX</subfield>
      <subfield code="d">NGU</subfield>
      <subfield code="d">CDX</subfield>
    </datafield>
    <datafield tag="042" ind1=" " ind2=" ">
      <subfield code="a">pcc</subfield>
    </datafield>
    <datafield tag="079" ind1=" " ind2=" ">
      <subfield code="a">ocn827841362</subfield>
    </datafield>
    <datafield tag="090" ind1=" " ind2=" ">
      <subfield code="a">PN1992.8.M87</subfield>
      <subfield code="b">.V48 2013</subfield>
    </datafield>
    <datafield tag="100" ind1="1" ind2=" ">
      <subfield code="a">Vernallis, Carol.</subfield>
      <subfield code="0">http://id.loc.gov/authorities/names/n2003084840</subfield>
    </datafield>
    <datafield tag="245" ind1="1" ind2="0">
      <subfield code="a">Unruly media :</subfield>
      <subfield code="b">YouTube, music video, and the new digital cinema /</subfield>
      <subfield code="c">Carol Vernallis.</subfield>
    </datafield>
    <datafield tag="264" ind1=" " ind2="1">
      <subfield code="a">New York :</subfield>
      <subfield code="b">Oxford University Press,</subfield>
      <subfield code="c">[2013]</subfield>
    </datafield>
    <datafield tag="300" ind1=" " ind2=" ">
      <subfield code="a">x, 354 pages :</subfield>
      <subfield code="b">illustrations ;</subfield>
      <subfield code="c">24 cm</subfield>
    </datafield>
    <datafield tag="336" ind1=" " ind2=" ">
      <subfield code="a">text</subfield>
      <subfield code="2">rdacontent</subfield>
    </datafield>
    <datafield tag="337" ind1=" " ind2=" ">
      <subfield code="a">unmediated</subfield>
      <subfield code="2">rdamedia</subfield>
    </datafield>
    <datafield tag="338" ind1=" " ind2=" ">
      <subfield code="a">volume</subfield>
      <subfield code="2">rdacarrier</subfield>
    </datafield>
    <datafield tag="504" ind1=" " ind2=" ">
      <subfield code="a">Includes bibliographical references (pages 289-334) and index.</subfield>
    </datafield>
    <datafield tag="520" ind1=" " ind2=" ">
      <subfield code="a">Unruly Media argues that we are on the crest of a new international style in which sonic and visual parameters become heightened and accelerated. This audiovisual turn calls for new forms of attention. Post-classical cinema, with its multi-plot narratives and flashy style, fragments under the influence of audiovisual numbers and music-video-like sync. Music video becomes more than a way of selling songs. YouTube's brief and low-res clips encompass many forms and foreground reiteration, graphic values and affective intensity. These three media are driven by one another: a trajectory from YouTube through music video to the new digital cinema reveals structural commonalities, especially in the realms of rhythm, texture and form. This is the first book to account for the current audiovisual landscape across medium and platform, and it demonstrates that attending equally to soundtrack and image reveals how these media work how they both mirror and shape our experience. Book jacket.</subfield>
    </datafield>
    <datafield tag="505" ind1="0" ind2=" ">
      <subfield code="a">New digital cinema. The new cut-up cinema ; The audiovisual turn and post-classical cinema ; Music video into post-classical cinema ; Moulin Rouge : delirious cinema ; Music video, songs, sound : Eternal sunshine of the spotless mind ; Reciprocity, Bollywood and music video : Mani Ratnam's Dil se and Yuva -- YouTube. YouTube aesthetics ; Audiovisual change : viral web media and the Obama campaign ; Refiguring music video : Beyonce&#x301;'s 'video phone' -- Music video. Music video's second aesthetic? ; Digital style : Francis Lawrence and Dave Meyers ; A music video canon?</subfield>
    </datafield>
    <datafield tag="650" ind1=" " ind2="0">
      <subfield code="a">Music videos</subfield>
      <subfield code="0">http://id.loc.gov/authorities/subjects/sh85088946</subfield>
      <subfield code="x">History and criticism.</subfield>
      <subfield code="0">http://id.loc.gov/authorities/subjects/sh99001187</subfield>
    </datafield>
    <datafield tag="650" ind1=" " ind2="7">
      <subfield code="a">Music videos.</subfield>
      <subfield code="2">fast</subfield>
      <subfield code="0">http://id.worldcat.org/fast/1030654</subfield>
    </datafield>
    <datafield tag="650" ind1=" " ind2="0">
      <subfield code="a">Digital media</subfield>
      <subfield code="0">http://id.loc.gov/authorities/subjects/sh98006600</subfield>
      <subfield code="x">Technological innovations.</subfield>
      <subfield code="0">http://id.loc.gov/authorities/subjects/sh2001009095</subfield>
    </datafield>
    <datafield tag="650" ind1=" " ind2="7">
      <subfield code="a">Digital media.</subfield>
      <subfield code="2">fast</subfield>
      <subfield code="0">http://id.worldcat.org/fast/893716</subfield>
    </datafield>
    <datafield tag="650" ind1="1" ind2="7">
      <subfield code="a">Digital media.</subfield>
      <subfield code="2">fast</subfield>
      <subfield code="0">http://id.worldcat.org/fast/893716</subfield>
    </datafield>
    <datafield tag="650" ind1="2" ind2="7">
      <subfield code="a">Technological innovations.</subfield>
      <subfield code="2">fast</subfield>
      <subfield code="0">http://id.worldcat.org/fast/1145002</subfield>
    </datafield>
    <datafield tag="902" ind1=" " ind2=" ">
      <subfield code="a">170124</subfield>
    </datafield>
    <datafield tag="902" ind1=" " ind2=" ">
      <subfield code="a">MARCIVE-BF 20190703</subfield>
    </datafield>
    <datafield tag="903" ind1=" " ind2=" ">
      <subfield code="a">MARCIVE-TOC201904</subfield>
    </datafield>
    <datafield tag="904" ind1=" " ind2=" ">
      <subfield code="a">MARCIVE 20200629</subfield>
    </datafield>
    <datafield tag="907" ind1=" " ind2=" ">
      <subfield code="a">.b5542174x</subfield>
      <subfield code="b">p    </subfield>
      <subfield code="c">-</subfield>
    </datafield>
    <datafield tag="945" ind1=" " ind2=" ">
      <subfield code="l">pstk </subfield>
      <subfield code="g">1</subfield>
    </datafield>
    <datafield tag="979" ind1=" " ind2=" ">
      <subfield code="a">ocn827841362</subfield>
    </datafield>
    <datafield tag="998" ind1=" " ind2=" ">
      <subfield code="b">1</subfield>
      <subfield code="c">140109</subfield>
      <subfield code="d">m</subfield>
      <subfield code="e">a</subfield>
      <subfield code="f">-</subfield>
      <subfield code="g">0</subfield>
    </datafield>
    <datafield tag="ADM" ind1=" " ind2=" ">
      <subfield code="b">2020-07-04 18:52:31</subfield>
      <subfield code="e">b5542174x-01tuli_inst</subfield>
      <subfield code="d">MARCIVE</subfield>
      <subfield code="f">20190607233058.0</subfield>
      <subfield code="a">2017-06-20 06:33:42</subfield>
      <subfield code="c">false</subfield>
    </datafield>
    <datafield tag="HLD" ind1="0" ind2=" ">
      <subfield code="b">MAIN</subfield>
      <subfield code="c">stacks</subfield>
      <subfield code="h">PN1992.8.M87</subfield>
      <subfield code="i">.V48 2013</subfield>
      <subfield code="8">22250113720003811</subfield>
      <subfield code="created">2017-06-20 06:33:42</subfield>
    </datafield>
    <datafield tag="ITM" ind1=" " ind2=" ">
      <subfield code="r">22250113720003811</subfield>
      <subfield code="b">1</subfield>
      <subfield code="h">0</subfield>
      <subfield code="g">stacks</subfield>
      <subfield code="t">BOOK</subfield>
      <subfield code="9">39074026073627</subfield>
      <subfield code="e">stacks</subfield>
      <subfield code="8">23250113690003811</subfield>
      <subfield code="a">0</subfield>
      <subfield code="i">PN1992.8.M87 .V48 2013</subfield>
      <subfield code="updated">2018-01-09 18:30:14</subfield>
      <subfield code="q">2017-06-20 06:33:42</subfield>
      <subfield code="d">MAIN</subfield>
      <subfield code="f">MAIN</subfield>
    </datafield>
  </record>