
  <record>
    <leader>04079cam a2200469 a 4500</leader>
    <controlfield tag="005">20190716051852.0</controlfield>
    <controlfield tag="008">130307t20122012pauag    b    000 0 eng d</controlfield>
    <controlfield tag="001">991033975089703811</controlfield>
    <datafield tag="010" ind1=" " ind2=" ">
      <subfield code="a">2012474303</subfield>
    </datafield>
    <datafield tag="020" ind1=" " ind2=" ">
      <subfield code="a">9781611484915</subfield>
      <subfield code="q">alkaline paper</subfield>
    </datafield>
    <datafield tag="020" ind1=" " ind2=" ">
      <subfield code="a">161148491X</subfield>
      <subfield code="q">alkaline paper</subfield>
    </datafield>
    <datafield tag="035" ind1=" " ind2=" ">
      <subfield code="a">(PPT)b54182013-01tuli_inst</subfield>
    </datafield>
    <datafield tag="035" ind1=" " ind2=" ">
      <subfield code="a">(OCoLC)ocn844315567</subfield>
      <subfield code="9">ExL</subfield>
    </datafield>
    <datafield tag="035" ind1=" " ind2=" ">
      <subfield code="a">(OCoLC)811600929</subfield>
    </datafield>
    <datafield tag="035" ind1=" " ind2=" ">
      <subfield code="a">ocn811600929</subfield>
    </datafield>
    <datafield tag="035" ind1=" " ind2=" ">
      <subfield code="a">(OCLC)ocn811600929</subfield>
    </datafield>
    <datafield tag="040" ind1=" " ind2=" ">
      <subfield code="a">BTCTA</subfield>
      <subfield code="b">eng</subfield>
      <subfield code="c">BTCTA</subfield>
      <subfield code="d">DLC</subfield>
      <subfield code="d">YDXCP</subfield>
      <subfield code="d">PBU</subfield>
      <subfield code="d">CNAUC</subfield>
      <subfield code="d">BWX</subfield>
      <subfield code="d">OUN</subfield>
      <subfield code="d">SBM</subfield>
      <subfield code="d">CUT</subfield>
      <subfield code="d">OCLCO</subfield>
      <subfield code="d">ZCU</subfield>
      <subfield code="d">MUU</subfield>
      <subfield code="d">OBE</subfield>
    </datafield>
    <datafield tag="042" ind1=" " ind2=" ">
      <subfield code="a">lccopycat</subfield>
    </datafield>
    <datafield tag="079" ind1=" " ind2=" ">
      <subfield code="a">ocn811600929</subfield>
    </datafield>
    <datafield tag="090" ind1=" " ind2=" ">
      <subfield code="a">PS3563.O8749</subfield>
      <subfield code="b">Z9134 2012</subfield>
    </datafield>
    <datafield tag="245" ind1="0" ind2="0">
      <subfield code="a">Toni Morrison :</subfield>
      <subfield code="b">forty years in the clearing /</subfield>
      <subfield code="c">edited and with an introduction by Carmen R. Gillespie.</subfield>
    </datafield>
    <datafield tag="264" ind1=" " ind2="1">
      <subfield code="a">[Lewisburg, Pa.] :</subfield>
      <subfield code="b">Bucknell University Press ;</subfield>
      <subfield code="a">Lanham, Md. :</subfield>
      <subfield code="b">Rowman &amp; Littlefield Pub. Group,</subfield>
      <subfield code="c">[2012]</subfield>
    </datafield>
    <datafield tag="264" ind1=" " ind2="4">
      <subfield code="c">&#xA9;2012</subfield>
    </datafield>
    <datafield tag="300" ind1=" " ind2=" ">
      <subfield code="a">xv, 367 pages :</subfield>
      <subfield code="b">illustrations, music ;</subfield>
      <subfield code="c">24 cm.</subfield>
    </datafield>
    <datafield tag="336" ind1=" " ind2=" ">
      <subfield code="a">text</subfield>
      <subfield code="b">txt</subfield>
      <subfield code="2">rdacontent</subfield>
    </datafield>
    <datafield tag="337" ind1=" " ind2=" ">
      <subfield code="a">unmediated</subfield>
      <subfield code="b">n</subfield>
      <subfield code="2">rdamedia</subfield>
    </datafield>
    <datafield tag="338" ind1=" " ind2=" ">
      <subfield code="a">volume</subfield>
      <subfield code="b">nc</subfield>
      <subfield code="2">rdacarrier</subfield>
    </datafield>
    <datafield tag="490" ind1="1" ind2=" ">
      <subfield code="a">Griot Project book series</subfield>
    </datafield>
    <datafield tag="504" ind1=" " ind2=" ">
      <subfield code="a">Includes bibliographical references (pages 355-367).</subfield>
    </datafield>
    <datafield tag="505" ind1="0" ind2=" ">
      <subfield code="a">In the Beginning, Two Reviews: John Leonard's New York Times 1970 Review of Toni Morrison's The Bluest Eye and Alice Walker's New York Times "Letter to the Editor" in Response to Sara Blackburn's 1973 Review of Sula -- In Search of the Clearing / Elizabeth Beaulieu -- Trouble in Paradise: Representing Bliss in Non-Orgiastic Language / Katie G. Cannon -- "Margaret's Lullaby" (from Margaret Garner) / Richard Danielpour -- "Creatively Serving - the Process:" An Interview with Playwright Lydia Diamond, Author of the Play The Bluest Eye / Lydia Diamond, Carmen Gillespie -- American Romance, the Moral Imagination and Toni Morrison: A Theory of Literary Aesthetics / Jan Furman -- Meditations on Love / Joanne V. Gabbin -- And Everyone Will Answer / Nikki Giovanni -- Morrison as Subject: Photographs / Timothy Greenfield-Sanders -- Wrestling Till Dawn: On Becoming an Intellectual In the Age of Morrison / Farah Jasmine Griffin -- Playing in the Wild: Toni Morrison's Canon and the Wild Zone / Missy Dehn Kubitschek -- "Looking Shakespeare in the Face:" An Interview with Toni Morrison's Howard University Friends, Florence Ladd and Mary Wilburn / A. J. Verdelle, Florence Ladd, Mary Wilburn -- Melancholy and the Unyielding Earth in The Bluest Eye / Kathleen Kelly Marks -- Co(n)ven(t): A Performance Study of Toni Morrison's Paradise / Dustyn Martincich -- Guess Who's Coming to Dinner?: Food, Race, and [En]countering the Modern in Toni Morrison's Tar Baby / Susan Neal Mayberry -- Testimony and Transformation: An Exploration of the Intersections of the Arts of Toni Morrison and the Potential Therapeutic Uses of Her Narratives / Lakeisha Meyer -- Belief and Performance, Morrison and Me / Koritha Mitchell -- Praise Song for Toni Morrison / Mendi, Keith Obadike -- Morrison and Obama / Barack H. Obama -- Body Difference in Toni Morrison's Fiction / Linden Peach -- Toni Morrison, The&#x301;odore Ge&#x301;ricault, and Incendiary Art / Nancy J. Peterson -- Morrison as Muse: The Poetic Process / Christine Jessica Margaret Reilly -- 15 Haiku (for Toni Morrison) / Sonia Sanchez -- The Making of a Novelist (Epistolary) / A.J. Verdelle -- Beloved Bodies: Gestures toward Wholeness / L. Martina Young.</subfield>
    </datafield>
    <datafield tag="650" ind1="2" ind2="7">
      <subfield code="a">Criticism and interpretation.</subfield>
      <subfield code="2">fast</subfield>
      <subfield code="0">http://id.worldcat.org/fast/1198648</subfield>
    </datafield>
    <datafield tag="600" ind1="1" ind2="0">
      <subfield code="a">Morrison, Toni</subfield>
      <subfield code="0">http://id.loc.gov/authorities/names/n80131379</subfield>
      <subfield code="x">Criticism and interpretation.</subfield>
      <subfield code="0">http://id.loc.gov/authorities/subjects/sh99005576</subfield>
    </datafield>
    <datafield tag="600" ind1="1" ind2="7">
      <subfield code="a">Morrison, Toni.</subfield>
      <subfield code="2">fast</subfield>
      <subfield code="0">http://id.worldcat.org/fast/62028</subfield>
    </datafield>
    <datafield tag="700" ind1="1" ind2=" ">
      <subfield code="a">Gillespie, Carmen.</subfield>
      <subfield code="0">http://id.loc.gov/authorities/names/n2006087519</subfield>
    </datafield>
    <datafield tag="830" ind1=" " ind2="0">
      <subfield code="a">Griot Project book series</subfield>
      <subfield code="0">http://id.loc.gov/authorities/names/no2013021240</subfield>
    </datafield>
    <datafield tag="902" ind1=" " ind2=" ">
      <subfield code="a">170421</subfield>
    </datafield>
    <datafield tag="902" ind1=" " ind2=" ">
      <subfield code="a">MARCIVE-BF 20190703</subfield>
    </datafield>
    <datafield tag="903" ind1=" " ind2=" ">
      <subfield code="a">MARCIVE-TOC201904</subfield>
    </datafield>
    <datafield tag="904" ind1=" " ind2=" ">
      <subfield code="a">MARCIVE 20200629</subfield>
    </datafield>
    <datafield tag="907" ind1=" " ind2=" ">
      <subfield code="a">.b54182013</subfield>
      <subfield code="b">p    </subfield>
      <subfield code="c">-</subfield>
    </datafield>
    <datafield tag="945" ind1=" " ind2=" ">
      <subfield code="l">pstk </subfield>
      <subfield code="g">1</subfield>
    </datafield>
    <datafield tag="979" ind1=" " ind2=" ">
      <subfield code="a">ocn811600929</subfield>
    </datafield>
    <datafield tag="998" ind1=" " ind2=" ">
      <subfield code="b">1</subfield>
      <subfield code="c">130513</subfield>
      <subfield code="d">m</subfield>
      <subfield code="e">a</subfield>
      <subfield code="f">-</subfield>
      <subfield code="g">0</subfield>
    </datafield>
    <datafield tag="ADM" ind1=" " ind2=" ">
      <subfield code="b">2020-07-24 10:58:51</subfield>
      <subfield code="e">b54182013-01tuli_inst</subfield>
      <subfield code="d">MARCIVE</subfield>
      <subfield code="f">20190607184713.0</subfield>
      <subfield code="a">2017-06-20 13:50:08</subfield>
      <subfield code="c">false</subfield>
    </datafield>
    <datafield tag="HLD" ind1="0" ind2=" ">
      <subfield code="b">ASRS</subfield>
      <subfield code="c">ASRS</subfield>
      <subfield code="h"> PS3563.O8749 </subfield>
      <subfield code="i"> Z9134 2012 </subfield>
      <subfield code="8">22464285620003811</subfield>
      <subfield code="updated">2019-05-01 21:34:55</subfield>
      <subfield code="created">2019-05-01 21:34:50</subfield>
    </datafield>
    <datafield tag="ITM" ind1=" " ind2=" ">
      <subfield code="r">22464285620003811</subfield>
      <subfield code="b">1</subfield>
      <subfield code="h">0</subfield>
      <subfield code="g">ASRS</subfield>
      <subfield code="t">BOOK</subfield>
      <subfield code="9">39074026045278</subfield>
      <subfield code="e">ASRS</subfield>
      <subfield code="8">23327560250003811</subfield>
      <subfield code="a">0</subfield>
      <subfield code="i">PS3563.O8749 Z9134 2012</subfield>
      <subfield code="updated">2019-05-01 21:35:17</subfield>
      <subfield code="q">2017-06-20 13:50:08</subfield>
      <subfield code="d">ASRS</subfield>
      <subfield code="f">ASRS</subfield>
    </datafield>
  </record>