
  <record>
    <leader>04474cam a2200553 a 4500</leader>
    <controlfield tag="005">20190923164035.0</controlfield>
    <controlfield tag="008">120509t20122012mdu      b    001 0 eng  </controlfield>
    <controlfield tag="001">991030112089703811</controlfield>
    <datafield tag="010" ind1=" " ind2=" ">
      <subfield code="a">2012010741</subfield>
    </datafield>
    <datafield tag="020" ind1=" " ind2=" ">
      <subfield code="a">9780765708359</subfield>
      <subfield code="q">cloth</subfield>
      <subfield code="q">alkaline paper</subfield>
    </datafield>
    <datafield tag="020" ind1=" " ind2=" ">
      <subfield code="a">0765708353</subfield>
      <subfield code="q">cloth</subfield>
      <subfield code="q">alkaline paper</subfield>
    </datafield>
    <datafield tag="020" ind1=" " ind2=" ">
      <subfield code="z">9780765708373</subfield>
      <subfield code="q">ebook</subfield>
    </datafield>
    <datafield tag="020" ind1=" " ind2=" ">
      <subfield code="z">076570837X</subfield>
      <subfield code="q">ebook</subfield>
    </datafield>
    <datafield tag="035" ind1=" " ind2=" ">
      <subfield code="a">(PPT)b52534315-01tuli_inst</subfield>
    </datafield>
    <datafield tag="035" ind1=" " ind2=" ">
      <subfield code="a">(OCoLC)ocn814240083</subfield>
      <subfield code="9">ExL</subfield>
    </datafield>
    <datafield tag="035" ind1=" " ind2=" ">
      <subfield code="a">(OCoLC)781677413</subfield>
    </datafield>
    <datafield tag="035" ind1=" " ind2=" ">
      <subfield code="a">ocn781677413</subfield>
    </datafield>
    <datafield tag="035" ind1=" " ind2=" ">
      <subfield code="a">(OCLC)ocn781677413</subfield>
    </datafield>
    <datafield tag="040" ind1=" " ind2=" ">
      <subfield code="a">DLC</subfield>
      <subfield code="b">eng</subfield>
      <subfield code="c">DLC</subfield>
      <subfield code="d">YDX</subfield>
      <subfield code="d">BTCTA</subfield>
      <subfield code="d">BDX</subfield>
      <subfield code="d">YDXCP</subfield>
      <subfield code="d">BWX</subfield>
      <subfield code="d">CDX</subfield>
    </datafield>
    <datafield tag="042" ind1=" " ind2=" ">
      <subfield code="a">pcc</subfield>
    </datafield>
    <datafield tag="043" ind1=" " ind2=" ">
      <subfield code="a">n-us---</subfield>
    </datafield>
    <datafield tag="049" ind1=" " ind2=" ">
      <subfield code="a">IG$A</subfield>
    </datafield>
    <datafield tag="079" ind1=" " ind2=" ">
      <subfield code="a">ocn781677413</subfield>
    </datafield>
    <datafield tag="090" ind1=" " ind2=" ">
      <subfield code="a">RC451.5.N4</subfield>
      <subfield code="b">A34 2012</subfield>
    </datafield>
    <datafield tag="100" ind1="1" ind2=" ">
      <subfield code="a">Akhtar, Salman,</subfield>
      <subfield code="d">1946 July 31-</subfield>
      <subfield code="0">http://id.loc.gov/authorities/names/n83026544</subfield>
    </datafield>
    <datafield tag="245" ind1="1" ind2="4">
      <subfield code="a">The African American experience :</subfield>
      <subfield code="b">psychoanalytic perspectives /</subfield>
      <subfield code="c">edited by Salman Akhtar.</subfield>
    </datafield>
    <datafield tag="264" ind1=" " ind2="1">
      <subfield code="a">Lanham, Md. :</subfield>
      <subfield code="b">Jason Aronson,</subfield>
      <subfield code="c">[2012]</subfield>
    </datafield>
    <datafield tag="264" ind1=" " ind2="4">
      <subfield code="c">&#xA9;2012</subfield>
    </datafield>
    <datafield tag="300" ind1=" " ind2=" ">
      <subfield code="a">xv, 462 pages ;</subfield>
      <subfield code="c">24 cm</subfield>
    </datafield>
    <datafield tag="336" ind1=" " ind2=" ">
      <subfield code="a">text</subfield>
      <subfield code="b">txt</subfield>
      <subfield code="2">rdacontent</subfield>
    </datafield>
    <datafield tag="337" ind1=" " ind2=" ">
      <subfield code="a">unmediated</subfield>
      <subfield code="b">n</subfield>
      <subfield code="2">rdamedia</subfield>
    </datafield>
    <datafield tag="338" ind1=" " ind2=" ">
      <subfield code="a">volume</subfield>
      <subfield code="b">nc</subfield>
      <subfield code="2">rdacarrier</subfield>
    </datafield>
    <datafield tag="504" ind1=" " ind2=" ">
      <subfield code="a">Includes bibliographical references and index.</subfield>
    </datafield>
    <datafield tag="520" ind1=" " ind2=" ">
      <subfield code="a">The African American Experience: Psychoanalytic Perspectives, edited by Salman Akhtar, brings together the contributions of distinguished mental health professionals and scholars of humanities to offer a multifaceted perspective on the transgenerational Lrauma of slavery, the hardship of single-parent families, the ruthlessness of anti-black racism, and the crushing burden of poverty and social disenfranchisement on the African American individual. The book also sheds light on the resilience of spirit, the dignity of perseverance, and the glow of talent that is widespread in this group. It contains penetrating and informative biographical essays on Martin Luther King, Jr., Malcolm X, Mohammad Ali, Barack Obama, and Oprah Winfrey. Such discourse on human greatness is balanced by the considerations of daily joy and anguish on clinical and societal levels. This wide-ranging and nuanced book on the history, culture, and psychosocial struggles of African American people fills an important gap in the literature oh Psychotherapy and Psychoanalysis. Book jacket.</subfield>
    </datafield>
    <datafield tag="505" ind1="0" ind2=" ">
      <subfield code="a">Core Stories -- The Five Hundred Year History of African Americans / Jan Wright -- Psychoanalysis and African Americans: Past, Present, and Future / Dionne R. Powell -- Character Studies -- Command and Legacy: Martin Luther King, Jr. / Salman Akhtar, Shawn Blue -- Ideology and Identity: Malcolm X / Clarence Watson, Salman Akhtar -- Power and Meaning: Muhammad Ali / David B. Campbell -- Resilience and Influence: Oprah Winfrey / Glenda L. Wrenn -- Synthesis and Leadership: Barack Obama / Kimberlyn Leary -- Cultural Spectrum -- Anti-Black Racism and the Conception of Whiteness / Forrest M. Hamer -- African American Families: Still a Band of Slaves? / LaShaxonDa Pittman -- Personality Development in Different African American Cultures / Carlotta Miles -- Hollywood and African Americans / Christin Drake -- Clinical Strands -- An African American's Becoming a Psychoanalyst: Some Personal Reflections / Samuel P. Wyche -- The African-American Patient in Psychodynamic Treatment / Cheryl L. Thompson -- Racial Transference Reactions in Psychoanalytic Treatment: An Update / Dorothy Evans Holmes -- White Analysts Seeing Black Patients / Jennifer Bonovitz -- Racial Enactments in Dynamic Treatment / Kimberlyn Leary.</subfield>
    </datafield>
    <datafield tag="650" ind1=" " ind2="0">
      <subfield code="a">African Americans</subfield>
      <subfield code="x">Mental health.</subfield>
      <subfield code="0">http://id.loc.gov/authorities/subjects/sh85001966</subfield>
    </datafield>
    <datafield tag="650" ind1=" " ind2="7">
      <subfield code="a">African Americans</subfield>
      <subfield code="x">Mental health.</subfield>
      <subfield code="2">fast</subfield>
      <subfield code="0">http://id.worldcat.org/fast/799641</subfield>
    </datafield>
    <datafield tag="650" ind1=" " ind2="0">
      <subfield code="a">African Americans</subfield>
      <subfield code="x">Psychology</subfield>
      <subfield code="0">http://id.loc.gov/authorities/subjects/sh85001972</subfield>
      <subfield code="x">History.</subfield>
      <subfield code="0">http://id.loc.gov/authorities/subjects/sh99005024</subfield>
    </datafield>
    <datafield tag="650" ind1=" " ind2="7">
      <subfield code="a">African Americans</subfield>
      <subfield code="x">Psychology.</subfield>
      <subfield code="2">fast</subfield>
      <subfield code="0">http://id.worldcat.org/fast/799664</subfield>
    </datafield>
    <datafield tag="650" ind1=" " ind2="0">
      <subfield code="a">Cultural psychiatry</subfield>
      <subfield code="0">http://id.loc.gov/authorities/subjects/sh87000716</subfield>
      <subfield code="z">United States.</subfield>
      <subfield code="0">http://id.loc.gov/authorities/names/n78095330</subfield>
    </datafield>
    <datafield tag="650" ind1=" " ind2="7">
      <subfield code="a">Cultural psychiatry.</subfield>
      <subfield code="2">fast</subfield>
      <subfield code="0">http://id.worldcat.org/fast/885048</subfield>
    </datafield>
    <datafield tag="650" ind1="1" ind2="7">
      <subfield code="a">Cultural psychiatry.</subfield>
      <subfield code="2">fast</subfield>
      <subfield code="0">http://id.worldcat.org/fast/885048</subfield>
    </datafield>
    <datafield tag="650" ind1="1" ind2="7">
      <subfield code="a">African Americans</subfield>
      <subfield code="x">Psychology.</subfield>
      <subfield code="2">fast</subfield>
      <subfield code="0">http://id.worldcat.org/fast/799664</subfield>
    </datafield>
    <datafield tag="650" ind1="2" ind2="7">
      <subfield code="a">History.</subfield>
      <subfield code="2">fast</subfield>
      <subfield code="0">http://id.worldcat.org/fast/958235</subfield>
    </datafield>
    <datafield tag="651" ind1="2" ind2="7">
      <subfield code="a">United States.</subfield>
      <subfield code="2">fast</subfield>
      <subfield code="0">http://id.worldcat.org/fast/1204155</subfield>
    </datafield>
    <datafield tag="902" ind1=" " ind2=" ">
      <subfield code="a">MARCIVE-BF 20190703</subfield>
    </datafield>
    <datafield tag="903" ind1=" " ind2=" ">
      <subfield code="a">MARCIVE-TOC201904</subfield>
    </datafield>
    <datafield tag="904" ind1=" " ind2=" ">
      <subfield code="a">MARCIVE-SC</subfield>
    </datafield>
    <datafield tag="904" ind1=" " ind2=" ">
      <subfield code="a">MARCIVE 20200629</subfield>
    </datafield>
    <datafield tag="907" ind1=" " ind2=" ">
      <subfield code="a">.b52534315</subfield>
      <subfield code="b">b    </subfield>
      <subfield code="c">-</subfield>
    </datafield>
    <datafield tag="945" ind1=" " ind2=" ">
      <subfield code="l">b    </subfield>
      <subfield code="g">1</subfield>
    </datafield>
    <datafield tag="979" ind1=" " ind2=" ">
      <subfield code="a">ocn781677413</subfield>
    </datafield>
    <datafield tag="998" ind1=" " ind2=" ">
      <subfield code="b">1</subfield>
      <subfield code="c">121004</subfield>
      <subfield code="d">m</subfield>
      <subfield code="e">a</subfield>
      <subfield code="f">-</subfield>
      <subfield code="g">4</subfield>
    </datafield>
    <datafield tag="998" ind1=" " ind2=" ">
      <subfield code="a">10/04/12</subfield>
      <subfield code="s">OCLC</subfield>
      <subfield code="c">AB</subfield>
    </datafield>
    <datafield tag="ADM" ind1=" " ind2=" ">
      <subfield code="b">2020-09-08 23:30:47</subfield>
      <subfield code="e">b52534315-01tuli_inst</subfield>
      <subfield code="d">MARCIVE</subfield>
      <subfield code="f">20190607200000.0</subfield>
      <subfield code="a">2017-06-20 07:08:16</subfield>
      <subfield code="c">false</subfield>
    </datafield>
    <datafield tag="HLD" ind1="0" ind2=" ">
      <subfield code="b">BLOCKSON</subfield>
      <subfield code="c">rarestacks</subfield>
      <subfield code="h">RC451.5.N4</subfield>
      <subfield code="i">A34 2012</subfield>
      <subfield code="8">22261588700003811</subfield>
      <subfield code="created">2017-06-20 07:08:16</subfield>
    </datafield>
    <datafield tag="ITM" ind1=" " ind2=" ">
      <subfield code="r">22261588700003811</subfield>
      <subfield code="b">1</subfield>
      <subfield code="h">0</subfield>
      <subfield code="g">rarestacks</subfield>
      <subfield code="t">BOOK</subfield>
      <subfield code="e">rarestacks</subfield>
      <subfield code="8">23261588690003811</subfield>
      <subfield code="a">3</subfield>
      <subfield code="i">RC451.5.N4 A34 2012</subfield>
      <subfield code="updated">2020-03-25 19:28:44</subfield>
      <subfield code="q">2017-06-20 07:08:16</subfield>
      <subfield code="d">BLOCKSON</subfield>
      <subfield code="f">BLOCKSON</subfield>
    </datafield>
  </record>