
  <record>
    <leader>03148cam a2200469 i 4500</leader>
    <controlfield tag="005">20190930174344.0</controlfield>
    <controlfield tag="008">170124s2017    nyuag    b    001 0 eng  </controlfield>
    <controlfield tag="001">991036857987903811</controlfield>
    <datafield tag="010" ind1=" " ind2=" ">
      <subfield code="a">  2017002716</subfield>
    </datafield>
    <datafield tag="020" ind1=" " ind2=" ">
      <subfield code="a">9780190646875</subfield>
      <subfield code="q">(paperback)</subfield>
      <subfield code="q">(alkaline paper)</subfield>
    </datafield>
    <datafield tag="020" ind1=" " ind2=" ">
      <subfield code="a">019064687X</subfield>
      <subfield code="q">(paperback)</subfield>
      <subfield code="q">(alkaline paper)</subfield>
    </datafield>
    <datafield tag="020" ind1=" " ind2=" ">
      <subfield code="a">9780190646868</subfield>
      <subfield code="q">(hardcover)</subfield>
      <subfield code="q">(alkaline paper)</subfield>
    </datafield>
    <datafield tag="020" ind1=" " ind2=" ">
      <subfield code="a">0190646861</subfield>
      <subfield code="q">(hardcover)</subfield>
      <subfield code="q">(alkaline paper)</subfield>
    </datafield>
    <datafield tag="035" ind1=" " ind2=" ">
      <subfield code="a">(OCoLC)972200685</subfield>
    </datafield>
    <datafield tag="040" ind1=" " ind2=" ">
      <subfield code="a">DLC</subfield>
      <subfield code="b">eng</subfield>
      <subfield code="e">rda</subfield>
      <subfield code="c">DLC</subfield>
      <subfield code="d">OCLCF</subfield>
      <subfield code="d">BDX</subfield>
      <subfield code="d">BTCTA</subfield>
      <subfield code="d">YDX</subfield>
      <subfield code="d">OCLCO</subfield>
      <subfield code="d">UUM</subfield>
      <subfield code="d">YDX</subfield>
      <subfield code="d">INU</subfield>
      <subfield code="d">YUS</subfield>
      <subfield code="d">GZM</subfield>
      <subfield code="d">TDF</subfield>
    </datafield>
    <datafield tag="042" ind1=" " ind2=" ">
      <subfield code="a">pcc</subfield>
    </datafield>
    <datafield tag="043" ind1=" " ind2=" ">
      <subfield code="a">n-us---</subfield>
    </datafield>
    <datafield tag="050" ind1="0" ind2="0">
      <subfield code="a">ML410.C756</subfield>
      <subfield code="b">F38 2017</subfield>
    </datafield>
    <datafield tag="082" ind1="0" ind2="0">
      <subfield code="a">781.5/56</subfield>
      <subfield code="2">23</subfield>
    </datafield>
    <datafield tag="100" ind1="1" ind2=" ">
      <subfield code="a">Fauser, Annegret,</subfield>
      <subfield code="e">author.</subfield>
      <subfield code="0">http://id.loc.gov/authorities/names/nr94012126</subfield>
    </datafield>
    <datafield tag="245" ind1="1" ind2="0">
      <subfield code="a">Aaron Copland's Appalachian spring /</subfield>
      <subfield code="c">Annegret Fauser.</subfield>
    </datafield>
    <datafield tag="264" ind1=" " ind2="1">
      <subfield code="a">New York, NY :</subfield>
      <subfield code="b">Oxford University Press,</subfield>
      <subfield code="c">[2017]</subfield>
    </datafield>
    <datafield tag="300" ind1=" " ind2=" ">
      <subfield code="a">xi, 134 pages :</subfield>
      <subfield code="b">illustrations, music ;</subfield>
      <subfield code="c">21 cm.</subfield>
    </datafield>
    <datafield tag="336" ind1=" " ind2=" ">
      <subfield code="a">text</subfield>
      <subfield code="b">txt</subfield>
      <subfield code="2">rdacontent</subfield>
    </datafield>
    <datafield tag="337" ind1=" " ind2=" ">
      <subfield code="a">unmediated</subfield>
      <subfield code="b">n</subfield>
      <subfield code="2">rdamedia</subfield>
    </datafield>
    <datafield tag="338" ind1=" " ind2=" ">
      <subfield code="a">volume</subfield>
      <subfield code="b">nc</subfield>
      <subfield code="2">rdacarrier</subfield>
    </datafield>
    <datafield tag="490" ind1="0" ind2=" ">
      <subfield code="a">Oxford keynotes</subfield>
    </datafield>
    <datafield tag="504" ind1=" " ind2=" ">
      <subfield code="a">Includes bibliographical references and index.</subfield>
    </datafield>
    <datafield tag="520" ind1=" " ind2=" ">
      <subfield code="a">Appalachian Spring, with music by Aaron Copland and choreography by Martha Graham, counts among the best-known American contributions to the global concert hall and stage. In the years since its premiere-as a dance work at the Library of Congress in 1944-it has become one of Copland's most widely-performed scores, and the Martha Graham Dance Company still treats it as a signature work. Over the decades, the dance and the music have taken on a range of meanings that have transformed a wartime production into a seemingly timeless expression of American identity, both sonically and visually. In this Oxford Keynotes volume, distinguished musicologist Annegret Fauser follows the work from its inception in the midst of World War II to its intersections with contemporary American culture, whether in the form of choreographic reinterpretations or musical ones, as by John Williams in 2009 for the inauguration of President Barack Obama. Speaking to both dance and music studies, this incisive exploration of Appalachian Spring situates the work in distinctive contexts of collaborative and individual creation Book jacket.</subfield>
    </datafield>
    <datafield tag="505" ind1="0" ind2=" ">
      <subfield code="a">A commission and its context -- The creation of a dance piece -- Appalachian spring performed -- Americana between war and peace -- An American icon.</subfield>
    </datafield>
    <datafield tag="630" ind1="0" ind2="7">
      <subfield code="a">Appalachian spring (Copland, Aaron)</subfield>
      <subfield code="2">fast</subfield>
      <subfield code="0">http://id.worldcat.org/fast/1364186</subfield>
    </datafield>
    <datafield tag="630" ind1=" " ind2="7">
      <subfield code="a">Appalachian spring (Copland, Aaron)</subfield>
      <subfield code="2">fast</subfield>
      <subfield code="0">http://id.worldcat.org/fast/1364186</subfield>
    </datafield>
    <datafield tag="600" ind1="1" ind2="0">
      <subfield code="a">Copland, Aaron,</subfield>
      <subfield code="d">1900-1990.</subfield>
      <subfield code="t">Appalachian spring.</subfield>
      <subfield code="0">http://id.loc.gov/authorities/names/n83152510</subfield>
    </datafield>
    <datafield tag="600" ind1="1" ind2="7">
      <subfield code="a">Copland, Aaron,</subfield>
      <subfield code="d">1900-1990.</subfield>
      <subfield code="2">fast</subfield>
      <subfield code="0">http://id.worldcat.org/fast/40613</subfield>
    </datafield>
    <datafield tag="902" ind1=" " ind2=" ">
      <subfield code="a">MARCIVE-BF 20190703</subfield>
    </datafield>
    <datafield tag="903" ind1=" " ind2=" ">
      <subfield code="a">MARCIVE-TOC201904</subfield>
    </datafield>
    <datafield tag="904" ind1=" " ind2=" ">
      <subfield code="a">MARCIVE 20200629</subfield>
    </datafield>
    <datafield tag="945" ind1=" " ind2="1">
      <subfield code="i">39074026721464</subfield>
      <subfield code="k">MAIN</subfield>
      <subfield code="l">stacks</subfield>
      <subfield code="a">ML410.C756</subfield>
      <subfield code="b">F38 2017</subfield>
      <subfield code="z">090</subfield>
    </datafield>
    <datafield tag="960" ind1=" " ind2=" ">
      <subfield code="k">MAIN</subfield>
      <subfield code="l">stacks</subfield>
    </datafield>
    <datafield tag="979" ind1=" " ind2=" ">
      <subfield code="a">(OCoLC)972200685</subfield>
    </datafield>
    <datafield tag="980" ind1=" " ind2=" ">
      <subfield code="a">12-29-17</subfield>
      <subfield code="b">7400</subfield>
      <subfield code="e">5957</subfield>
      <subfield code="f">I20107222</subfield>
    </datafield>
    <datafield tag="981" ind1=" " ind2=" ">
      <subfield code="a">Coutt</subfield>
      <subfield code="b">e1nha</subfield>
      <subfield code="d">37134540</subfield>
      <subfield code="e">SLI</subfield>
      <subfield code="k">MAIN</subfield>
      <subfield code="l">stacks</subfield>
    </datafield>
    <datafield tag="997" ind1=" " ind2=" ">
      <subfield code="a">20180118</subfield>
      <subfield code="d">TEU</subfield>
      <subfield code="c">COUTTS-SR</subfield>
      <subfield code="e">WCAT</subfield>
    </datafield>
    <datafield tag="ADM" ind1=" " ind2=" ">
      <subfield code="b">2020-07-24 13:21:36</subfield>
      <subfield code="e">ocn972200685</subfield>
      <subfield code="d">MARCIVE</subfield>
      <subfield code="f">20190607173525.0</subfield>
      <subfield code="a">2018-01-02 15:57:24</subfield>
      <subfield code="c">false</subfield>
    </datafield>
    <datafield tag="HLD" ind1="0" ind2=" ">
      <subfield code="b">MAIN</subfield>
      <subfield code="c">stacks</subfield>
      <subfield code="h">ML410.C756</subfield>
      <subfield code="i">F38 2017</subfield>
      <subfield code="8">22406916750003811</subfield>
      <subfield code="updated">2018-01-02 15:59:23</subfield>
      <subfield code="created">2018-01-02 15:59:23</subfield>
    </datafield>
    <datafield tag="ITM" ind1=" " ind2=" ">
      <subfield code="r">22406916750003811</subfield>
      <subfield code="b">1</subfield>
      <subfield code="h">0</subfield>
      <subfield code="g">stacks</subfield>
      <subfield code="t">BOOK</subfield>
      <subfield code="9">39074026721464</subfield>
      <subfield code="e">stacks</subfield>
      <subfield code="l">0</subfield>
      <subfield code="8">23406916740003811</subfield>
      <subfield code="j">0</subfield>
      <subfield code="a">0</subfield>
      <subfield code="i">ML410.C756 F38 2017</subfield>
      <subfield code="updated">2020-01-15 21:52:57</subfield>
      <subfield code="q">2018-01-02 15:59:23</subfield>
      <subfield code="d">MAIN</subfield>
      <subfield code="f">MAIN</subfield>
    </datafield>
  </record>