
  <record>
    <leader>02985cam a2200493 i 4500</leader>
    <controlfield tag="005">20201014190332.0</controlfield>
    <controlfield tag="008">130716t20142014enk      b    001 0 eng  </controlfield>
    <controlfield tag="001">991036852385503811</controlfield>
    <datafield tag="010" ind1=" " ind2=" ">
      <subfield code="a">  2013028579</subfield>
    </datafield>
    <datafield tag="016" ind1="7" ind2=" ">
      <subfield code="a">016611992</subfield>
      <subfield code="2">Uk</subfield>
    </datafield>
    <datafield tag="020" ind1=" " ind2=" ">
      <subfield code="a">9780199943852</subfield>
      <subfield code="q">(paperback ;)</subfield>
      <subfield code="q">(alkaline paper)</subfield>
    </datafield>
    <datafield tag="020" ind1=" " ind2=" ">
      <subfield code="a">0199943850</subfield>
      <subfield code="q">(paperback ;)</subfield>
      <subfield code="q">(alkaline paper)</subfield>
    </datafield>
    <datafield tag="035" ind1=" " ind2=" ">
      <subfield code="a">(OCoLC)853313645</subfield>
    </datafield>
    <datafield tag="040" ind1=" " ind2=" ">
      <subfield code="a">DLC</subfield>
      <subfield code="b">eng</subfield>
      <subfield code="e">rda</subfield>
      <subfield code="c">DLC</subfield>
      <subfield code="d">YDX</subfield>
      <subfield code="d">YDXCP</subfield>
      <subfield code="d">UKMGB</subfield>
      <subfield code="d">ZYF</subfield>
      <subfield code="d">CDX</subfield>
      <subfield code="d">OWT</subfield>
      <subfield code="d">CGU</subfield>
      <subfield code="d">CLU</subfield>
      <subfield code="d">OCLCF</subfield>
      <subfield code="d">RCJ</subfield>
      <subfield code="d">GWL</subfield>
      <subfield code="d">S3O</subfield>
      <subfield code="d">NZAUC</subfield>
      <subfield code="d">OCLCQ</subfield>
      <subfield code="d">CSAIL</subfield>
      <subfield code="d">TULAW</subfield>
    </datafield>
    <datafield tag="042" ind1=" " ind2=" ">
      <subfield code="a">pcc</subfield>
    </datafield>
    <datafield tag="043" ind1=" " ind2=" ">
      <subfield code="a">n-us---</subfield>
    </datafield>
    <datafield tag="049" ind1=" " ind2=" ">
      <subfield code="a">TULA</subfield>
    </datafield>
    <datafield tag="082" ind1="0" ind2="0">
      <subfield code="a">808.06/634</subfield>
      <subfield code="2">23</subfield>
    </datafield>
    <datafield tag="090" ind1=" " ind2=" ">
      <subfield code="a">KF251</subfield>
      <subfield code="b">.G83 2014</subfield>
    </datafield>
    <datafield tag="100" ind1="1" ind2=" ">
      <subfield code="a">Guberman, Ross,</subfield>
      <subfield code="e">author.</subfield>
      <subfield code="0">http://id.loc.gov/authorities/names/n2010034687</subfield>
    </datafield>
    <datafield tag="245" ind1="1" ind2="0">
      <subfield code="a">Point made :</subfield>
      <subfield code="b">how to write like the nation's top advocates /</subfield>
      <subfield code="c">Ross Guberman.</subfield>
    </datafield>
    <datafield tag="250" ind1=" " ind2=" ">
      <subfield code="a">Second edition.</subfield>
    </datafield>
    <datafield tag="264" ind1=" " ind2="1">
      <subfield code="a">Oxford ;</subfield>
      <subfield code="a">New York, NY :</subfield>
      <subfield code="b">Oxford University Press,</subfield>
      <subfield code="c">[2014]</subfield>
    </datafield>
    <datafield tag="264" ind1=" " ind2="4">
      <subfield code="c">&#xA9;2014</subfield>
    </datafield>
    <datafield tag="300" ind1=" " ind2=" ">
      <subfield code="a">xxxii, 387 pages ;</subfield>
      <subfield code="c">21 cm</subfield>
    </datafield>
    <datafield tag="336" ind1=" " ind2=" ">
      <subfield code="a">text</subfield>
      <subfield code="b">txt</subfield>
      <subfield code="2">rdacontent</subfield>
    </datafield>
    <datafield tag="337" ind1=" " ind2=" ">
      <subfield code="a">unmediated</subfield>
      <subfield code="b">n</subfield>
      <subfield code="2">rdamedia</subfield>
    </datafield>
    <datafield tag="338" ind1=" " ind2=" ">
      <subfield code="a">volume</subfield>
      <subfield code="b">nc</subfield>
      <subfield code="2">rdacarrier</subfield>
    </datafield>
    <datafield tag="504" ind1=" " ind2=" ">
      <subfield code="a">Includes bibliographical references and index.</subfield>
    </datafield>
    <datafield tag="505" ind1="0" ind2="0">
      <subfield code="t">Theme --</subfield>
      <subfield code="t">Tale --</subfield>
      <subfield code="t">Meat --</subfield>
      <subfield code="t">Words --</subfield>
      <subfield code="t">Close.</subfield>
    </datafield>
    <datafield tag="520" ind1=" " ind2=" ">
      <subfield code="a">"With Point Made, legal writing expert Ross Guberman throws a life preserver to attorneys, who are under more pressure than ever to produce compelling prose. What is the strongest opening for a motion or brief? How to draft winning headings? How to tell a persuasive story when the record is dry and dense? The answers are 'more science than art, ' says Guberman, who has analyzed stellar arguments by distinguished attorneys to develop step-by-step instructions for achieving the results you want. The author takes an empirical approach, drawing heavily on the writings of the nation's 50 most influential lawyers, including Barack Obama, John Roberts, Elena Kagan, Ted Olson, and David Boies. Their strategies, demystified and broken down into specific, learnable techniques, become a detailed writing guide full of practical models ..."--Publisher's information.</subfield>
    </datafield>
    <datafield tag="650" ind1=" " ind2="0">
      <subfield code="a">Legal briefs</subfield>
      <subfield code="z">United States.</subfield>
      <subfield code="0">http://id.loc.gov/authorities/subjects/sh2007007074</subfield>
    </datafield>
    <datafield tag="650" ind1=" " ind2="0">
      <subfield code="a">Legal composition.</subfield>
      <subfield code="0">http://id.loc.gov/authorities/subjects/sh85075735</subfield>
    </datafield>
    <datafield tag="650" ind1=" " ind2="7">
      <subfield code="a">Legal composition.</subfield>
      <subfield code="2">fast</subfield>
      <subfield code="0">http://id.worldcat.org/fast/995444</subfield>
    </datafield>
    <datafield tag="650" ind1=" " ind2="7">
      <subfield code="a">Legal briefs.</subfield>
      <subfield code="2">fast</subfield>
      <subfield code="0">http://id.worldcat.org/fast/1715681</subfield>
    </datafield>
    <datafield tag="650" ind1="1" ind2="7">
      <subfield code="a">Legal briefs.</subfield>
      <subfield code="2">fast</subfield>
      <subfield code="0">http://id.worldcat.org/fast/1715681</subfield>
    </datafield>
    <datafield tag="651" ind1=" " ind2="7">
      <subfield code="a">United States.</subfield>
      <subfield code="2">fast</subfield>
      <subfield code="0">http://id.worldcat.org/fast/1204155</subfield>
    </datafield>
    <datafield tag="651" ind1="2" ind2="7">
      <subfield code="a">United States.</subfield>
      <subfield code="2">fast</subfield>
      <subfield code="0">http://id.worldcat.org/fast/1204155</subfield>
    </datafield>
    <datafield tag="775" ind1="0" ind2="8">
      <subfield code="i">Revision of:</subfield>
      <subfield code="a">Guberman, Ross.</subfield>
      <subfield code="t">Point made.</subfield>
      <subfield code="d">Oxford ; New York : Oxford University Press, &#xA9;2011</subfield>
      <subfield code="z">9780195394870</subfield>
      <subfield code="w">(DLC)  2010022481</subfield>
      <subfield code="w">(OCoLC)637038128</subfield>
    </datafield>
    <datafield tag="902" ind1=" " ind2=" ">
      <subfield code="a">MARCIVE-BF 20190703</subfield>
    </datafield>
    <datafield tag="904" ind1=" " ind2=" ">
      <subfield code="a">MARCIVE 20200629</subfield>
    </datafield>
    <datafield tag="979" ind1=" " ind2=" ">
      <subfield code="a">ocn853313645</subfield>
    </datafield>
    <datafield tag="994" ind1=" " ind2=" ">
      <subfield code="a">C0</subfield>
      <subfield code="b">TULAW</subfield>
    </datafield>
    <datafield tag="997" ind1=" " ind2=" ">
      <subfield code="a">20171222085244.0</subfield>
      <subfield code="c">SEY</subfield>
      <subfield code="d">TULAW</subfield>
      <subfield code="s">DLC</subfield>
    </datafield>
    <datafield tag="ADM" ind1=" " ind2=" ">
      <subfield code="b">2020-10-14 23:03:32</subfield>
      <subfield code="e">ocn853313645</subfield>
      <subfield code="d">MARCIVE</subfield>
      <subfield code="f">20190608053353.0</subfield>
      <subfield code="a">2017-12-22 13:52:44</subfield>
      <subfield code="c">false</subfield>
    </datafield>
    <datafield tag="HLD" ind1="0" ind2=" ">
      <subfield code="b">LAW</subfield>
      <subfield code="c">closestack</subfield>
      <subfield code="h">KF251</subfield>
      <subfield code="i">.G83 2014</subfield>
      <subfield code="8">22404391030003811</subfield>
      <subfield code="updated">2017-12-22 13:55:34</subfield>
      <subfield code="created">2017-12-18 19:19:11</subfield>
    </datafield>
    <datafield tag="ITM" ind1=" " ind2=" ">
      <subfield code="r">22404391030003811</subfield>
      <subfield code="b">0</subfield>
      <subfield code="h">0</subfield>
      <subfield code="g">closestack</subfield>
      <subfield code="t">BOOK</subfield>
      <subfield code="9">39074803600972</subfield>
      <subfield code="e">closestack</subfield>
      <subfield code="8">23404391020003811</subfield>
      <subfield code="a">0</subfield>
      <subfield code="i">KF251 .G83 2014</subfield>
      <subfield code="updated">2020-01-29 22:54:10</subfield>
      <subfield code="u">LOAN</subfield>
      <subfield code="q">2017-12-18 19:19:11</subfield>
      <subfield code="d">LAW</subfield>
      <subfield code="p">2018-05-15 18:36:59</subfield>
      <subfield code="f">LAW</subfield>
    </datafield>
  </record>