
  <record>
    <leader>05278cam a2200601 a 4500</leader>
    <controlfield tag="005">20190930174717.0</controlfield>
    <controlfield tag="008">120807s2013    nyuaf         000 0aeng  </controlfield>
    <controlfield tag="001">991036985295603811</controlfield>
    <datafield tag="010" ind1=" " ind2=" ">
      <subfield code="a">  2012031797</subfield>
    </datafield>
    <datafield tag="019" ind1=" " ind2=" ">
      <subfield code="a">826027282</subfield>
      <subfield code="a">826452362</subfield>
      <subfield code="a">881244179</subfield>
      <subfield code="a">966582311</subfield>
      <subfield code="a">967799450</subfield>
      <subfield code="a">973977868</subfield>
      <subfield code="a">980546630</subfield>
      <subfield code="a">985319792</subfield>
      <subfield code="a">988962627</subfield>
      <subfield code="a">993296949</subfield>
      <subfield code="a">995594226</subfield>
      <subfield code="a">1003754362</subfield>
      <subfield code="a">1017947787</subfield>
      <subfield code="a">1022730362</subfield>
      <subfield code="a">1027981930</subfield>
      <subfield code="a">1029821921</subfield>
      <subfield code="a">1034947540</subfield>
      <subfield code="a">1039125564</subfield>
      <subfield code="a">1045696360</subfield>
      <subfield code="a">1050292264</subfield>
      <subfield code="a">1056058267</subfield>
      <subfield code="a">1056925443</subfield>
      <subfield code="a">1081102414</subfield>
      <subfield code="a">1085920070</subfield>
      <subfield code="a">1090111369</subfield>
    </datafield>
    <datafield tag="020" ind1=" " ind2=" ">
      <subfield code="a">9780307594884</subfield>
      <subfield code="q">(hardback)</subfield>
    </datafield>
    <datafield tag="020" ind1=" " ind2=" ">
      <subfield code="a">0307594882</subfield>
      <subfield code="q">(hardback)</subfield>
    </datafield>
    <datafield tag="020" ind1=" " ind2=" ">
      <subfield code="a">034580483X</subfield>
    </datafield>
    <datafield tag="020" ind1=" " ind2=" ">
      <subfield code="a">9780345804839</subfield>
    </datafield>
    <datafield tag="024" ind1="3" ind2=" ">
      <subfield code="a">9780307594884</subfield>
      <subfield code="d">52795</subfield>
    </datafield>
    <datafield tag="035" ind1=" " ind2=" ">
      <subfield code="a">(OCoLC)793578874</subfield>
    </datafield>
    <datafield tag="037" ind1=" " ind2=" ">
      <subfield code="b">Random House Inc, Attn Order Entry 400 Hahn rd, Westminster, MD, USA, 21157</subfield>
      <subfield code="n">SAN 201-3975</subfield>
    </datafield>
    <datafield tag="040" ind1=" " ind2=" ">
      <subfield code="a">DLC</subfield>
      <subfield code="b">eng</subfield>
      <subfield code="c">DLC</subfield>
      <subfield code="d">IG#</subfield>
      <subfield code="d">BTCTA</subfield>
      <subfield code="d">OCLCO</subfield>
      <subfield code="d">JAI</subfield>
      <subfield code="d">YDXCP</subfield>
      <subfield code="d">IK2</subfield>
      <subfield code="d">JP3</subfield>
      <subfield code="d">MOF</subfield>
      <subfield code="d">WLL</subfield>
      <subfield code="d">CO2</subfield>
      <subfield code="d">LMR</subfield>
      <subfield code="d">BWX</subfield>
      <subfield code="d">NSB</subfield>
      <subfield code="d">VP@</subfield>
      <subfield code="d">EEK</subfield>
      <subfield code="d">FDA</subfield>
      <subfield code="d">KMS</subfield>
      <subfield code="d">OKN</subfield>
      <subfield code="d">KEC</subfield>
      <subfield code="d">OCLCQ</subfield>
      <subfield code="d">OCLCO</subfield>
      <subfield code="d">OCLCF</subfield>
      <subfield code="d">OCLCQ</subfield>
      <subfield code="d">O2C</subfield>
      <subfield code="d">FSIMP</subfield>
      <subfield code="d">FEM</subfield>
      <subfield code="d">CHY</subfield>
      <subfield code="d">OCLCO</subfield>
      <subfield code="d">OCL</subfield>
      <subfield code="d">SFR</subfield>
      <subfield code="d">TXMAR</subfield>
      <subfield code="d">CHILD</subfield>
      <subfield code="d">OCLCQ</subfield>
      <subfield code="d">OCLCO</subfield>
      <subfield code="d">TYC</subfield>
      <subfield code="d">OCLCQ</subfield>
      <subfield code="d">MYL</subfield>
      <subfield code="d">KJ6</subfield>
      <subfield code="d">TXUPP</subfield>
      <subfield code="d">OCLCQ</subfield>
      <subfield code="d">MCO</subfield>
      <subfield code="d">OCLCQ</subfield>
      <subfield code="d">NZHWP</subfield>
      <subfield code="d">OCLCQ</subfield>
      <subfield code="d">TFW</subfield>
      <subfield code="d">BOP</subfield>
      <subfield code="d">OCLCO</subfield>
      <subfield code="d">CPO</subfield>
      <subfield code="d">OCLCO</subfield>
      <subfield code="d">TL4</subfield>
      <subfield code="d">ULL</subfield>
      <subfield code="d">OCLCO</subfield>
    </datafield>
    <datafield tag="041" ind1="0" ind2=" ">
      <subfield code="a">eng</subfield>
      <subfield code="a">spa</subfield>
    </datafield>
    <datafield tag="042" ind1=" " ind2=" ">
      <subfield code="a">pcc</subfield>
    </datafield>
    <datafield tag="043" ind1=" " ind2=" ">
      <subfield code="a">n-us---</subfield>
    </datafield>
    <datafield tag="050" ind1="0" ind2="0">
      <subfield code="a">KF8745.S67</subfield>
      <subfield code="b">A3 2013</subfield>
    </datafield>
    <datafield tag="082" ind1="0" ind2="0">
      <subfield code="a">347.73/2634092</subfield>
      <subfield code="a">B</subfield>
      <subfield code="2">23</subfield>
    </datafield>
    <datafield tag="100" ind1="1" ind2=" ">
      <subfield code="a">Sotomayor, Sonia,</subfield>
      <subfield code="d">1954-</subfield>
      <subfield code="0">http://id.loc.gov/authorities/names/no2009082843</subfield>
    </datafield>
    <datafield tag="245" ind1="1" ind2="0">
      <subfield code="a">My beloved world /</subfield>
      <subfield code="c">Sonia Sotomayor.</subfield>
    </datafield>
    <datafield tag="264" ind1=" " ind2="1">
      <subfield code="a">New York :</subfield>
      <subfield code="b">Knopf,</subfield>
      <subfield code="c">2013.</subfield>
    </datafield>
    <datafield tag="300" ind1=" " ind2=" ">
      <subfield code="a">ix, 315 pages, 16 unnumbered pages of plates :</subfield>
      <subfield code="b">illustrations ;</subfield>
      <subfield code="c">25 cm</subfield>
    </datafield>
    <datafield tag="336" ind1=" " ind2=" ">
      <subfield code="a">text</subfield>
      <subfield code="b">txt</subfield>
      <subfield code="2">rdacontent</subfield>
    </datafield>
    <datafield tag="337" ind1=" " ind2=" ">
      <subfield code="a">unmediated</subfield>
      <subfield code="b">n</subfield>
      <subfield code="2">rdamedia</subfield>
    </datafield>
    <datafield tag="338" ind1=" " ind2=" ">
      <subfield code="a">volume</subfield>
      <subfield code="b">nc</subfield>
      <subfield code="2">rdacarrier</subfield>
    </datafield>
    <datafield tag="500" ind1=" " ind2=" ">
      <subfield code="a">"This is a Borzoi book."--Title page verso.</subfield>
    </datafield>
    <datafield tag="520" ind1=" " ind2=" ">
      <subfield code="a">"An instant American icon--the first Hispanic on the U.S. Supreme Court--tells the story of her life before becoming a judge in an inspiring, surprisingly personal memoir. With startling candor and intimacy, Sonia Sotomayor recounts her life from a Bronx housing project to the federal bench, a progress that is testament to her extraordinary determination and the power of believing in oneself. She writes of her precarious childhood and the refuge she took with her passionately spirited paternal grandmother. She describes her resolve as a young girl to become a lawyer, and how she made this dream become reality: valedictorian of her high school class, summa cum laude at Princeton, Yale Law, prosecutor in the Manhattan D.A.'s office, private practice, federal district judge before the age of forty. She writes about her deeply valued mentors, about her failed marriage, about her cherished family of friends. Through her still-astonished eyes, America's infinite possibilities are envisioned anew in this warm and honest book, destined to become a classic of self-discovery and self-invention, alongside Barack Obama's Dreams from My Father."--</subfield>
      <subfield code="c">Provided by publisher.</subfield>
    </datafield>
    <datafield tag="505" ind1="0" ind2=" ">
      <subfield code="a">Needles -- At home -- Abuelita -- Gilmar's goodbyes -- Trips to Puerto Rico -- Papi's death -- El luto -- Celina's story -- Transformation -- Diabetes, Nancy Drew, Perry Mason -- Middle school -- Transition to CSHS, first job -- Co-op city / high school -- Forensics club, Celina starts hostos -- College dreams -- Princeton -- Abuelita's death -- Puerto Rican identity -- Pyne prize, graduation, wedding -- Yale -- Morgenthau recruiting -- D.A.'s office : learning the ropes -- Divorce -- Found families -- Child porn, Tarzan, Nelson's death -- PRLDEF, pro bono -- Pavia and Harcourt -- Diabetes, personal growth -- Judge.</subfield>
    </datafield>
    <datafield tag="546" ind1=" " ind2=" ">
      <subfield code="a">In English; some text in Spanish.</subfield>
    </datafield>
    <datafield tag="650" ind1=" " ind2="0">
      <subfield code="a">Hispanic American judges</subfield>
      <subfield code="0">http://id.loc.gov/authorities/subjects/sh2002006050</subfield>
      <subfield code="v">Biography.</subfield>
      <subfield code="0">http://id.loc.gov/authorities/subjects/sh99001237</subfield>
    </datafield>
    <datafield tag="650" ind1=" " ind2="7">
      <subfield code="a">Hispanic American judges.</subfield>
      <subfield code="2">fast</subfield>
      <subfield code="0">http://id.worldcat.org/fast/957402</subfield>
    </datafield>
    <datafield tag="650" ind1=" " ind2="0">
      <subfield code="a">Hispanic American women</subfield>
      <subfield code="0">http://id.loc.gov/authorities/subjects/sh85061047</subfield>
      <subfield code="v">Biography.</subfield>
      <subfield code="0">http://id.loc.gov/authorities/subjects/sh99001237</subfield>
    </datafield>
    <datafield tag="650" ind1=" " ind2="7">
      <subfield code="a">Hispanic American women.</subfield>
      <subfield code="2">fast</subfield>
      <subfield code="0">http://id.worldcat.org/fast/957475</subfield>
    </datafield>
    <datafield tag="650" ind1=" " ind2="0">
      <subfield code="a">Judges</subfield>
      <subfield code="z">United States</subfield>
      <subfield code="v">Biography.</subfield>
      <subfield code="0">http://id.loc.gov/authorities/subjects/sh2009127943</subfield>
    </datafield>
    <datafield tag="650" ind1=" " ind2="7">
      <subfield code="a">Employees.</subfield>
      <subfield code="2">fast</subfield>
      <subfield code="0">http://id.worldcat.org/fast/909111</subfield>
    </datafield>
    <datafield tag="650" ind1=" " ind2="7">
      <subfield code="a">Judges.</subfield>
      <subfield code="2">fast</subfield>
      <subfield code="0">http://id.worldcat.org/fast/984490</subfield>
    </datafield>
    <datafield tag="650" ind1="1" ind2="7">
      <subfield code="a">Judges.</subfield>
      <subfield code="2">fast</subfield>
      <subfield code="0">http://id.worldcat.org/fast/984490</subfield>
    </datafield>
    <datafield tag="650" ind1=" " ind2="7">
      <subfield code="a">Hispanic American women</subfield>
      <subfield code="x">Biography.</subfield>
      <subfield code="2">fast</subfield>
      <subfield code="0">http://id.worldcat.org/fast/1425526</subfield>
    </datafield>
    <datafield tag="650" ind1="1" ind2="7">
      <subfield code="a">Hispanic American judges.</subfield>
      <subfield code="2">fast</subfield>
      <subfield code="0">http://id.worldcat.org/fast/957402</subfield>
    </datafield>
    <datafield tag="651" ind1=" " ind2="7">
      <subfield code="a">United States.</subfield>
      <subfield code="2">fast</subfield>
      <subfield code="0">http://id.worldcat.org/fast/1204155</subfield>
    </datafield>
    <datafield tag="651" ind1="2" ind2="7">
      <subfield code="a">United States.</subfield>
      <subfield code="2">fast</subfield>
      <subfield code="0">http://id.worldcat.org/fast/1204155</subfield>
    </datafield>
    <datafield tag="610" ind1="1" ind2="0">
      <subfield code="a">United States.</subfield>
      <subfield code="b">Supreme Court</subfield>
      <subfield code="0">http://id.loc.gov/authorities/names/n79006848</subfield>
      <subfield code="x">Officials and employees</subfield>
      <subfield code="0">http://id.loc.gov/authorities/subjects/sh00005024</subfield>
      <subfield code="v">Biography.</subfield>
      <subfield code="0">http://id.loc.gov/authorities/subjects/sh99001237</subfield>
    </datafield>
    <datafield tag="610" ind1="1" ind2="7">
      <subfield code="a">United States.</subfield>
      <subfield code="b">Supreme Court</subfield>
      <subfield code="2">fast</subfield>
      <subfield code="0">http://id.worldcat.org/fast/529481</subfield>
    </datafield>
    <datafield tag="655" ind1=" " ind2="7">
      <subfield code="a">Autobiographies.</subfield>
      <subfield code="2">fast</subfield>
      <subfield code="0">http://id.worldcat.org/fast/1919894</subfield>
    </datafield>
    <datafield tag="655" ind1=" " ind2="7">
      <subfield code="a">Biographies.</subfield>
      <subfield code="2">fast</subfield>
      <subfield code="0">http://id.worldcat.org/fast/1919896</subfield>
    </datafield>
    <datafield tag="655" ind1=" " ind2="7">
      <subfield code="a">Autobiographies.</subfield>
      <subfield code="2">lcgft</subfield>
      <subfield code="0">http://id.loc.gov/authorities/genreForms/gf2014026047</subfield>
    </datafield>
    <datafield tag="655" ind1="2" ind2="7">
      <subfield code="a">Biographies.</subfield>
      <subfield code="2">fast</subfield>
      <subfield code="0">http://id.worldcat.org/fast/1919896</subfield>
    </datafield>
    <datafield tag="600" ind1="1" ind2="0">
      <subfield code="a">Sotomayor, Sonia,</subfield>
      <subfield code="d">1954-</subfield>
      <subfield code="0">http://id.loc.gov/authorities/names/no2009082843</subfield>
    </datafield>
    <datafield tag="600" ind1="1" ind2="7">
      <subfield code="a">Sotomayor, Sonia,</subfield>
      <subfield code="d">1954-</subfield>
      <subfield code="2">fast</subfield>
      <subfield code="0">http://id.worldcat.org/fast/1917026</subfield>
    </datafield>
    <datafield tag="600" ind1=" " ind2="7">
      <subfield code="a">Sotomayor, Sonia,</subfield>
      <subfield code="d">1954-</subfield>
      <subfield code="2">fast</subfield>
      <subfield code="0">http://id.worldcat.org/fast/1917026</subfield>
    </datafield>
    <datafield tag="902" ind1=" " ind2=" ">
      <subfield code="a">MARCIVE-BF 20190703</subfield>
    </datafield>
    <datafield tag="904" ind1=" " ind2=" ">
      <subfield code="a">MARCIVE 20200629</subfield>
    </datafield>
    <datafield tag="979" ind1=" " ind2=" ">
      <subfield code="a">(OCoLC)793578874</subfield>
    </datafield>
    <datafield tag="997" ind1=" " ind2=" ">
      <subfield code="a">20190327114525.0</subfield>
      <subfield code="c">CDC</subfield>
      <subfield code="d">TEU</subfield>
      <subfield code="s">DLC</subfield>
      <subfield code="e">WCAT</subfield>
    </datafield>
    <datafield tag="ADM" ind1=" " ind2=" ">
      <subfield code="b">2020-09-09 00:16:09</subfield>
      <subfield code="e">ocn793578874</subfield>
      <subfield code="d">MARCIVE</subfield>
      <subfield code="f">20190607194921.0</subfield>
      <subfield code="a">2019-03-27 15:47:05</subfield>
      <subfield code="c">false</subfield>
    </datafield>
    <datafield tag="HLD" ind1="0" ind2=" ">
      <subfield code="b">ASRS</subfield>
      <subfield code="c">ASRS</subfield>
      <subfield code="h"> KF8745.S67 </subfield>
      <subfield code="i"> A3 2013 </subfield>
      <subfield code="8">22465406560003811</subfield>
      <subfield code="updated">2019-05-03 21:14:42</subfield>
      <subfield code="created">2019-05-03 21:14:37</subfield>
    </datafield>
    <datafield tag="ITM" ind1=" " ind2=" ">
      <subfield code="r">22465406560003811</subfield>
      <subfield code="b">1</subfield>
      <subfield code="h">0</subfield>
      <subfield code="g">ASRS</subfield>
      <subfield code="t">BOOK</subfield>
      <subfield code="9">39074019877422</subfield>
      <subfield code="e">ASRS</subfield>
      <subfield code="8">23447945270003811</subfield>
      <subfield code="a">0</subfield>
      <subfield code="i">KF8745.S67 A3 2013</subfield>
      <subfield code="updated">2019-05-03 21:15:08</subfield>
      <subfield code="q">2019-03-27 15:47:44</subfield>
      <subfield code="d">ASRS</subfield>
      <subfield code="f">ASRS</subfield>
    </datafield>
  </record>