
  <record>
    <leader>04173cam a2200469 a 4500</leader>
    <controlfield tag="005">20190715212237.0</controlfield>
    <controlfield tag="008">100716t20112011nyuab    b    001 0 eng  </controlfield>
    <controlfield tag="001">991007393099703811</controlfield>
    <datafield tag="010" ind1=" " ind2=" ">
      <subfield code="a">2010029295</subfield>
    </datafield>
    <datafield tag="020" ind1=" " ind2=" ">
      <subfield code="a">9780465019748</subfield>
      <subfield code="q">alkaline paper</subfield>
    </datafield>
    <datafield tag="020" ind1=" " ind2=" ">
      <subfield code="a">0465019749</subfield>
      <subfield code="q">alkaline paper</subfield>
    </datafield>
    <datafield tag="035" ind1=" " ind2=" ">
      <subfield code="a">(PPT)b45392651-01tuli_inst</subfield>
    </datafield>
    <datafield tag="035" ind1=" " ind2=" ">
      <subfield code="a">(OCoLC)ocn707356105</subfield>
      <subfield code="9">ExL</subfield>
    </datafield>
    <datafield tag="035" ind1=" " ind2=" ">
      <subfield code="a">(OCoLC)435418505</subfield>
    </datafield>
    <datafield tag="035" ind1=" " ind2=" ">
      <subfield code="a">ocn435418505</subfield>
    </datafield>
    <datafield tag="035" ind1=" " ind2=" ">
      <subfield code="a">(OCLC)ocn435418505</subfield>
    </datafield>
    <datafield tag="040" ind1=" " ind2=" ">
      <subfield code="a">DLC</subfield>
      <subfield code="b">eng</subfield>
      <subfield code="c">DLC</subfield>
      <subfield code="d">YDX</subfield>
      <subfield code="d">BTCTA</subfield>
      <subfield code="d">YDXCP</subfield>
      <subfield code="d">DAD</subfield>
      <subfield code="d">BUR</subfield>
      <subfield code="d">CDX</subfield>
    </datafield>
    <datafield tag="049" ind1=" " ind2=" ">
      <subfield code="a">IG$A</subfield>
    </datafield>
    <datafield tag="079" ind1=" " ind2=" ">
      <subfield code="a">ocn435418505</subfield>
    </datafield>
    <datafield tag="090" ind1=" " ind2=" ">
      <subfield code="a">HC79.I5</subfield>
      <subfield code="b">M547 2011</subfield>
    </datafield>
    <datafield tag="100" ind1="1" ind2=" ">
      <subfield code="a">Milanovic&#x301;, Branko.</subfield>
      <subfield code="0">http://id.loc.gov/authorities/names/n85184082</subfield>
    </datafield>
    <datafield tag="245" ind1="1" ind2="4">
      <subfield code="a">The haves and the have-nots :</subfield>
      <subfield code="b">a brief and idiosyncratic history of global inequality /</subfield>
      <subfield code="c">Branko Milanovic.</subfield>
    </datafield>
    <datafield tag="264" ind1=" " ind2="1">
      <subfield code="a">New York :</subfield>
      <subfield code="b">Basic Books,</subfield>
      <subfield code="c">[2011]</subfield>
    </datafield>
    <datafield tag="264" ind1=" " ind2="4">
      <subfield code="c">&#xA9;2011</subfield>
    </datafield>
    <datafield tag="300" ind1=" " ind2=" ">
      <subfield code="a">xiv, 258 pages :</subfield>
      <subfield code="b">illustrations, maps ;</subfield>
      <subfield code="c">22 cm</subfield>
    </datafield>
    <datafield tag="336" ind1=" " ind2=" ">
      <subfield code="a">text</subfield>
      <subfield code="b">txt</subfield>
      <subfield code="2">rdacontent</subfield>
    </datafield>
    <datafield tag="337" ind1=" " ind2=" ">
      <subfield code="a">unmediated</subfield>
      <subfield code="b">n</subfield>
      <subfield code="2">rdamedia</subfield>
    </datafield>
    <datafield tag="338" ind1=" " ind2=" ">
      <subfield code="a">volume</subfield>
      <subfield code="b">nc</subfield>
      <subfield code="2">rdacarrier</subfield>
    </datafield>
    <datafield tag="504" ind1=" " ind2=" ">
      <subfield code="a">Includes bibliographical references and index.</subfield>
    </datafield>
    <datafield tag="505" ind1="0" ind2=" ">
      <subfield code="a">Chapter 1: Unequal people : inequality among individuals within a nation. Romance and riches ; Anna Vronskaya? ; Who was the richest person ever? ; How unequal was the Roman Empire? ; Was socialism egalitarian? ; In what Parisian arrondissement should you live in the thirteenth century and today? ; Who gains from fiscal redistribution? ; Can several countries exist in one? Will China survive in 2048? ; Two students of inequality : Vilfredo Pareto and Simon Kuznets -- Chapter 2: Unequal nations : inequality among countries in the world. Why was Marx led astray? ; How unequal is today's world? ; How much of your income is determined at birth? ; Should the whole world be composed of gated communities? ; Who are the Harraga? ; The three generations of Obamas ; Did the world become more unequal during deglobalization? -- Chapter 3: Unequal world : inequality among citizens in the world. Where in the global income distribution are you? ; Does the world have a middle class? ; How different are the United States and the European Union? ; Why are Asia and Latin America mirror images of each other? ; Do you want to know the winner before the game begins? ; Income inequality and the Global Financial Crisis ; Did colonizers exploit as much as they could? ; Why was Rawls indifferent to global inequality? ; Geopolitics in light of (or enlightened by) economics.</subfield>
    </datafield>
    <datafield tag="520" ind1=" " ind2=" ">
      <subfield code="a">One of the world's leading experts on wealth, poverty, and the gap that separates them, explains how wealth is unevenly spread throughout our world, now and through time. Economist Branko Milanovic uses history, literature and stories straight out of today's newspapers, to discuss one of the major divisions in our social lives: between the haves and the have-nots. He reveals just how rich Elizabeth Bennet's suitor Mr. Darcy really was; how much Anna Karenina gained by falling in love; how wealthy ancient Romans compare to today's super-rich; where in Kenyan income distribution was Obama's grandfather; how we should think about Marxism in a modern world; and how location where one is born determines his wealth. He goes beyond mere entertainment to explain why inequality matters, how it damages our economic prospects, and how it can threaten the foundations of the social order that we take for granted.--From publisher description.</subfield>
    </datafield>
    <datafield tag="650" ind1=" " ind2="0">
      <subfield code="a">Income distribution</subfield>
      <subfield code="0">http://id.loc.gov/authorities/subjects/sh85064765</subfield>
      <subfield code="x">History.</subfield>
      <subfield code="0">http://id.loc.gov/authorities/subjects/sh99005024</subfield>
    </datafield>
    <datafield tag="650" ind1=" " ind2="7">
      <subfield code="a">Income distribution.</subfield>
      <subfield code="2">fast</subfield>
      <subfield code="0">http://id.worldcat.org/fast/968670</subfield>
    </datafield>
    <datafield tag="650" ind1=" " ind2="0">
      <subfield code="a">Wealth</subfield>
      <subfield code="0">http://id.loc.gov/authorities/subjects/sh85145828</subfield>
      <subfield code="x">History.</subfield>
      <subfield code="0">http://id.loc.gov/authorities/subjects/sh99005024</subfield>
    </datafield>
    <datafield tag="650" ind1=" " ind2="7">
      <subfield code="a">Wealth.</subfield>
      <subfield code="2">fast</subfield>
      <subfield code="0">http://id.worldcat.org/fast/1172973</subfield>
    </datafield>
    <datafield tag="650" ind1=" " ind2="0">
      <subfield code="a">Poverty</subfield>
      <subfield code="x">History.</subfield>
      <subfield code="0">http://id.loc.gov/authorities/subjects/sh2010107918</subfield>
    </datafield>
    <datafield tag="650" ind1="1" ind2="7">
      <subfield code="a">Poverty.</subfield>
      <subfield code="2">fast</subfield>
      <subfield code="0">http://id.worldcat.org/fast/1074093</subfield>
    </datafield>
    <datafield tag="650" ind1="2" ind2="7">
      <subfield code="a">History.</subfield>
      <subfield code="2">fast</subfield>
      <subfield code="0">http://id.worldcat.org/fast/958235</subfield>
    </datafield>
    <datafield tag="650" ind1="1" ind2="7">
      <subfield code="a">Wealth.</subfield>
      <subfield code="2">fast</subfield>
      <subfield code="0">http://id.worldcat.org/fast/1172973</subfield>
    </datafield>
    <datafield tag="650" ind1="1" ind2="7">
      <subfield code="a">Income distribution.</subfield>
      <subfield code="2">fast</subfield>
      <subfield code="0">http://id.worldcat.org/fast/968670</subfield>
    </datafield>
    <datafield tag="902" ind1=" " ind2=" ">
      <subfield code="a">MARCIVE-BF 20190703</subfield>
    </datafield>
    <datafield tag="904" ind1=" " ind2=" ">
      <subfield code="a">MARCIVE 20200629</subfield>
    </datafield>
    <datafield tag="907" ind1=" " ind2=" ">
      <subfield code="a">.b45392651</subfield>
      <subfield code="b">p    </subfield>
      <subfield code="c">-</subfield>
    </datafield>
    <datafield tag="945" ind1=" " ind2=" ">
      <subfield code="l">pstk </subfield>
      <subfield code="g">1</subfield>
    </datafield>
    <datafield tag="979" ind1=" " ind2=" ">
      <subfield code="a">ocn435418505</subfield>
    </datafield>
    <datafield tag="998" ind1=" " ind2=" ">
      <subfield code="b">1</subfield>
      <subfield code="c">110221</subfield>
      <subfield code="d">m</subfield>
      <subfield code="e">a</subfield>
      <subfield code="f">-</subfield>
      <subfield code="g">4</subfield>
    </datafield>
    <datafield tag="ADM" ind1=" " ind2=" ">
      <subfield code="b">2020-07-16 03:22:25</subfield>
      <subfield code="e">b45392651-01tuli_inst</subfield>
      <subfield code="d">MARCIVE</subfield>
      <subfield code="f">20190607203439.0</subfield>
      <subfield code="a">2017-06-20 08:27:02</subfield>
      <subfield code="c">false</subfield>
    </datafield>
    <datafield tag="HLD" ind1="0" ind2=" ">
      <subfield code="b">ASRS</subfield>
      <subfield code="c">ASRS</subfield>
      <subfield code="h"> HC79.I5 </subfield>
      <subfield code="i"> M547 2011 </subfield>
      <subfield code="8">22466854900003811</subfield>
      <subfield code="updated">2019-05-10 20:51:34</subfield>
      <subfield code="created">2019-05-10 20:51:30</subfield>
    </datafield>
    <datafield tag="ITM" ind1=" " ind2=" ">
      <subfield code="r">22466854900003811</subfield>
      <subfield code="b">0</subfield>
      <subfield code="h">0</subfield>
      <subfield code="g">ASRS</subfield>
      <subfield code="t">BOOK</subfield>
      <subfield code="9">39074026257394</subfield>
      <subfield code="e">ASRS</subfield>
      <subfield code="8">23282143490003811</subfield>
      <subfield code="a">0</subfield>
      <subfield code="i">HC79.I5 M547 2011</subfield>
      <subfield code="updated">2020-08-05 17:07:40</subfield>
      <subfield code="u">LOST_LOAN_AND_PAID</subfield>
      <subfield code="q">2017-06-20 08:27:02</subfield>
      <subfield code="d">ASRS</subfield>
      <subfield code="f">ASRS</subfield>
    </datafield>
  </record>