
  <record>
    <leader>03231cam a2200481 i 4500</leader>
    <controlfield tag="005">20200122152935.0</controlfield>
    <controlfield tag="008">191006t20202020enkabf   b    001 0 eng  </controlfield>
    <controlfield tag="001">991037335607903811</controlfield>
    <datafield tag="010" ind1=" " ind2=" ">
      <subfield code="a">  2019038312</subfield>
    </datafield>
    <datafield tag="015" ind1=" " ind2=" ">
      <subfield code="a">GBB9E6496</subfield>
      <subfield code="2">bnb</subfield>
    </datafield>
    <datafield tag="016" ind1="7" ind2=" ">
      <subfield code="a">019520188</subfield>
      <subfield code="2">Uk</subfield>
    </datafield>
    <datafield tag="020" ind1=" " ind2=" ">
      <subfield code="a">9781108498715</subfield>
      <subfield code="q">(hardback)</subfield>
    </datafield>
    <datafield tag="020" ind1=" " ind2=" ">
      <subfield code="a">110849871X</subfield>
      <subfield code="q">(hardback)</subfield>
    </datafield>
    <datafield tag="020" ind1=" " ind2=" ">
      <subfield code="a">9781108712439</subfield>
      <subfield code="q">(paperback)</subfield>
    </datafield>
    <datafield tag="020" ind1=" " ind2=" ">
      <subfield code="a">1108712436</subfield>
      <subfield code="q">(paperback)</subfield>
    </datafield>
    <datafield tag="020" ind1=" " ind2=" ">
      <subfield code="z">9781108595643</subfield>
      <subfield code="q">(epub)</subfield>
    </datafield>
    <datafield tag="035" ind1=" " ind2=" ">
      <subfield code="a">(OCoLC)1120079414</subfield>
    </datafield>
    <datafield tag="040" ind1=" " ind2=" ">
      <subfield code="a">LBSOR/DLC</subfield>
      <subfield code="b">eng</subfield>
      <subfield code="e">rda</subfield>
      <subfield code="c">DLC</subfield>
      <subfield code="d">OCLCF</subfield>
      <subfield code="d">UKMGB</subfield>
      <subfield code="d">OCLCO</subfield>
      <subfield code="d">YDX</subfield>
      <subfield code="d">EAU</subfield>
    </datafield>
    <datafield tag="042" ind1=" " ind2=" ">
      <subfield code="a">pcc</subfield>
    </datafield>
    <datafield tag="050" ind1="0" ind2="0">
      <subfield code="a">DT16.5</subfield>
      <subfield code="b">.G66 2020</subfield>
    </datafield>
    <datafield tag="082" ind1="0" ind2="0">
      <subfield code="a">909/.0496</subfield>
      <subfield code="2">23</subfield>
    </datafield>
    <datafield tag="100" ind1="1" ind2=" ">
      <subfield code="a">Gomez, Michael A.,</subfield>
      <subfield code="d">1955-</subfield>
      <subfield code="0">http://id.loc.gov/authorities/names/n88638973</subfield>
      <subfield code="e">author.</subfield>
    </datafield>
    <datafield tag="245" ind1="1" ind2="0">
      <subfield code="a">Reversing sail :</subfield>
      <subfield code="b">a history of the African diaspora /</subfield>
      <subfield code="c">Michael A. Gomez.</subfield>
    </datafield>
    <datafield tag="250" ind1=" " ind2=" ">
      <subfield code="a">Second edition.</subfield>
    </datafield>
    <datafield tag="264" ind1=" " ind2="1">
      <subfield code="a">Cambridge, United Kingdom ;</subfield>
      <subfield code="a">New York, NY, USA :</subfield>
      <subfield code="b">Cambridge University Press,</subfield>
      <subfield code="c">2020.</subfield>
    </datafield>
    <datafield tag="300" ind1=" " ind2=" ">
      <subfield code="a">xv, 301 pages, 8 unnumbered pages of plates :</subfield>
      <subfield code="b">illustrations (some color), maps ;</subfield>
      <subfield code="c">23 cm.</subfield>
    </datafield>
    <datafield tag="336" ind1=" " ind2=" ">
      <subfield code="a">text</subfield>
      <subfield code="b">txt</subfield>
      <subfield code="2">rdacontent</subfield>
    </datafield>
    <datafield tag="337" ind1=" " ind2=" ">
      <subfield code="a">unmediated</subfield>
      <subfield code="b">n</subfield>
      <subfield code="2">rdamedia</subfield>
    </datafield>
    <datafield tag="338" ind1=" " ind2=" ">
      <subfield code="a">volume</subfield>
      <subfield code="b">nc</subfield>
      <subfield code="2">rdacarrier</subfield>
    </datafield>
    <datafield tag="490" ind1="1" ind2=" ">
      <subfield code="a">Cambridge studies on the African diaspora</subfield>
    </datafield>
    <datafield tag="504" ind1=" " ind2=" ">
      <subfield code="a">Includes bibliographical references and index.</subfield>
    </datafield>
    <datafield tag="505" ind1="0" ind2=" ">
      <subfield code="a">Antiquity -- Africans and the Bible -- Africans and the Islamic world -- Transatlantic moment and the dawn of modernity -- Enslavement -- Asserting the right to be -- Reconnecting -- Movement people -- Global Africa in the era of Mandela and Obama.</subfield>
    </datafield>
    <datafield tag="520" ind1=" " ind2=" ">
      <subfield code="a">"Our current century is becoming increasingly characterized by persons of varying ethnic and racial and cultural backgrounds living together in societies all over the globe. The United Kingdom, France, and Germany, together with the United States and Brazil in the Americas, are only the better-known examples. How communities of common derivation maintain their sense of connectedness in lands of destination, while also forming ties with new groups and thus giving rise to novel social formations, is a primary facet of contemporary life. But such diversity is also a major challenge, often leading to tensions arising from ignorance and fear of the unknown. The formal inclusion of the histories and cultures of everyone in the society is therefore critical to resolving misunderstanding and conflict"--</subfield>
      <subfield code="c">Provided by publisher.</subfield>
    </datafield>
    <datafield tag="650" ind1=" " ind2="0">
      <subfield code="a">African diaspora</subfield>
      <subfield code="0">http://id.loc.gov/authorities/subjects/sh91005631</subfield>
      <subfield code="x">History.</subfield>
      <subfield code="0">http://id.loc.gov/authorities/subjects/sh99005024</subfield>
    </datafield>
    <datafield tag="650" ind1=" " ind2="7">
      <subfield code="a">African diaspora.</subfield>
      <subfield code="2">fast</subfield>
      <subfield code="0">http://id.worldcat.org/fast/799755</subfield>
    </datafield>
    <datafield tag="650" ind1=" " ind2="0">
      <subfield code="a">Blacks</subfield>
      <subfield code="x">History.</subfield>
      <subfield code="0">http://id.loc.gov/authorities/subjects/sh85014682</subfield>
    </datafield>
    <datafield tag="650" ind1=" " ind2="7">
      <subfield code="a">Blacks.</subfield>
      <subfield code="2">fast</subfield>
      <subfield code="0">http://id.worldcat.org/fast/833880</subfield>
    </datafield>
    <datafield tag="650" ind1="1" ind2="7">
      <subfield code="a">Blacks.</subfield>
      <subfield code="2">fast</subfield>
      <subfield code="0">http://id.worldcat.org/fast/833880</subfield>
    </datafield>
    <datafield tag="650" ind1="2" ind2="7">
      <subfield code="a">History.</subfield>
      <subfield code="2">fast</subfield>
      <subfield code="0">http://id.worldcat.org/fast/958235</subfield>
    </datafield>
    <datafield tag="650" ind1="1" ind2="7">
      <subfield code="a">African diaspora.</subfield>
      <subfield code="2">fast</subfield>
      <subfield code="0">http://id.worldcat.org/fast/799755</subfield>
    </datafield>
    <datafield tag="655" ind1=" " ind2="7">
      <subfield code="a">History.</subfield>
      <subfield code="2">fast</subfield>
      <subfield code="0">http://id.worldcat.org/fast/1411628</subfield>
    </datafield>
    <datafield tag="776" ind1="0" ind2="8">
      <subfield code="i">Online version:</subfield>
      <subfield code="a">Gomez, Michael A., 1955-</subfield>
      <subfield code="t">Reversing sail.</subfield>
      <subfield code="b">Second edition.</subfield>
      <subfield code="d">New York : Cambridge University Press, 2019.</subfield>
      <subfield code="z">9781108595643</subfield>
      <subfield code="w">(DLC)  2019038313</subfield>
    </datafield>
    <datafield tag="830" ind1=" " ind2="0">
      <subfield code="a">Cambridge studies on the African diaspora</subfield>
      <subfield code="0">http://id.loc.gov/authorities/names/no2017049318</subfield>
    </datafield>
    <datafield tag="904" ind1=" " ind2=" ">
      <subfield code="a">MARCIVE 20200629</subfield>
    </datafield>
    <datafield tag="979" ind1=" " ind2=" ">
      <subfield code="a">(OCoLC)1120079414</subfield>
    </datafield>
    <datafield tag="997" ind1=" " ind2=" ">
      <subfield code="a">20200113</subfield>
      <subfield code="d">TEU</subfield>
      <subfield code="c">COUTTS-SR</subfield>
      <subfield code="e">WCAT</subfield>
    </datafield>
    <datafield tag="ADM" ind1=" " ind2=" ">
      <subfield code="b">2020-09-09 00:56:52</subfield>
      <subfield code="e">991037335607903811</subfield>
      <subfield code="d">MARCIVE</subfield>
      <subfield code="f">20200122152935.0</subfield>
      <subfield code="a">2019-11-20 20:30:03</subfield>
      <subfield code="c">false</subfield>
    </datafield>
    <datafield tag="HLD" ind1="0" ind2=" ">
      <subfield code="b">MAIN</subfield>
      <subfield code="c">stacks</subfield>
      <subfield code="h">DT16.5</subfield>
      <subfield code="i">.G66 2020</subfield>
      <subfield code="8">22497186210003811</subfield>
      <subfield code="updated">2020-03-10 00:24:21</subfield>
      <subfield code="created">2020-03-10 00:24:21</subfield>
    </datafield>
    <datafield tag="ITM" ind1=" " ind2=" ">
      <subfield code="r">22497186210003811</subfield>
      <subfield code="b">1</subfield>
      <subfield code="h">0</subfield>
      <subfield code="g">stacks</subfield>
      <subfield code="t">BOOK</subfield>
      <subfield code="9">39074031815137</subfield>
      <subfield code="e">stacks</subfield>
      <subfield code="8">23480059120003811</subfield>
      <subfield code="a">0</subfield>
      <subfield code="i">DT16.5 .G66 2020</subfield>
      <subfield code="updated">2020-08-19 15:37:41</subfield>
      <subfield code="q">2019-11-20 20:31:09</subfield>
      <subfield code="d">MAIN</subfield>
      <subfield code="f">MAIN</subfield>
    </datafield>
  </record>