
  <record>
    <leader>03852cam a22005414i 4500</leader>
    <controlfield tag="005">20190716101457.0</controlfield>
    <controlfield tag="008">131101s2014    enk      b    001 0 eng d</controlfield>
    <controlfield tag="001">991006313059703811</controlfield>
    <datafield tag="020" ind1=" " ind2=" ">
      <subfield code="a">9781780763699</subfield>
      <subfield code="q">(hardback)</subfield>
    </datafield>
    <datafield tag="020" ind1=" " ind2=" ">
      <subfield code="a">1780763697</subfield>
      <subfield code="q">(hardback)</subfield>
    </datafield>
    <datafield tag="035" ind1=" " ind2=" ">
      <subfield code="a">(PPT)b56970778-01tuli_inst</subfield>
    </datafield>
    <datafield tag="035" ind1=" " ind2=" ">
      <subfield code="a">(OCoLC)ocn899763735</subfield>
      <subfield code="9">ExL</subfield>
    </datafield>
    <datafield tag="035" ind1=" " ind2=" ">
      <subfield code="a">(OCoLC)865492054</subfield>
    </datafield>
    <datafield tag="035" ind1=" " ind2=" ">
      <subfield code="a">ocn865492054</subfield>
    </datafield>
    <datafield tag="035" ind1=" " ind2=" ">
      <subfield code="a">(OCLC)ocn865492054</subfield>
    </datafield>
    <datafield tag="040" ind1=" " ind2=" ">
      <subfield code="a">UKMGB</subfield>
      <subfield code="b">eng</subfield>
      <subfield code="e">rda</subfield>
      <subfield code="c">UKMGB</subfield>
      <subfield code="d">BDX</subfield>
      <subfield code="d">OCLCQ</subfield>
      <subfield code="d">OCLCO</subfield>
      <subfield code="d">YDXCP</subfield>
      <subfield code="d">CDX</subfield>
      <subfield code="d">NDD</subfield>
      <subfield code="d">OCLCO</subfield>
      <subfield code="d">CHVBK</subfield>
      <subfield code="d">CUI</subfield>
      <subfield code="d">MUU</subfield>
    </datafield>
    <datafield tag="079" ind1=" " ind2=" ">
      <subfield code="a">ocn865492054</subfield>
    </datafield>
    <datafield tag="090" ind1=" " ind2=" ">
      <subfield code="a">DS881.45</subfield>
      <subfield code="b">.P466 2014</subfield>
    </datafield>
    <datafield tag="100" ind1="1" ind2=" ">
      <subfield code="a">Penn, Michael L.,</subfield>
      <subfield code="d">1958-</subfield>
      <subfield code="0">http://id.loc.gov/authorities/names/n2002104272</subfield>
      <subfield code="e">author.</subfield>
    </datafield>
    <datafield tag="245" ind1="1" ind2="0">
      <subfield code="a">Japan and the war on terror :</subfield>
      <subfield code="b">military force and political pressure in the US-Japanese alliance /</subfield>
      <subfield code="c">Michael Penn.</subfield>
    </datafield>
    <datafield tag="246" ind1="1" ind2=" ">
      <subfield code="a">Military force and political pressure in the US-Japanese alliance</subfield>
    </datafield>
    <datafield tag="263" ind1=" " ind2=" ">
      <subfield code="a">201402</subfield>
    </datafield>
    <datafield tag="264" ind1=" " ind2="1">
      <subfield code="a">London ;</subfield>
      <subfield code="a">New York :</subfield>
      <subfield code="b">I.B. Tauris,</subfield>
      <subfield code="c">2014.</subfield>
    </datafield>
    <datafield tag="300" ind1=" " ind2=" ">
      <subfield code="a">376 pages ;</subfield>
      <subfield code="c">22 cm.</subfield>
    </datafield>
    <datafield tag="336" ind1=" " ind2=" ">
      <subfield code="a">text</subfield>
      <subfield code="2">rdacontent</subfield>
    </datafield>
    <datafield tag="337" ind1=" " ind2=" ">
      <subfield code="a">unmediated</subfield>
      <subfield code="2">rdamedia</subfield>
    </datafield>
    <datafield tag="338" ind1=" " ind2=" ">
      <subfield code="a">volume</subfield>
      <subfield code="2">rdacarrier</subfield>
    </datafield>
    <datafield tag="490" ind1="1" ind2=" ">
      <subfield code="a">Library of international relations ;</subfield>
      <subfield code="v">73</subfield>
    </datafield>
    <datafield tag="490" ind1="1" ind2=" ">
      <subfield code="a">International library of twentieth century history ;</subfield>
      <subfield code="v">4</subfield>
    </datafield>
    <datafield tag="504" ind1=" " ind2=" ">
      <subfield code="a">Includes bibliographical references and index.</subfield>
    </datafield>
    <datafield tag="505" ind1="0" ind2=" ">
      <subfield code="a">September 11 through the Alliance Prism -- Showing the flag -- Boots on the ground -- Beyond the limits -- The diplomacy of anti-terrorism -- The war at home -- Democracy and militarism -- The failure of change.</subfield>
    </datafield>
    <datafield tag="520" ind1=" " ind2=" ">
      <subfield code="a">The role of the Far East is becoming increasingly important in global geopolitics. Japan's economic might and sphere of geographical influence, between China, North Korea and the US, means it has the potential to be a major ally in the war on terror. While Japan's constitution does not allow for militarism or acts of war, in the post 9/11 world the use of the Japanese nation's 'Self-Defence Force' has become increasingly normal -- a result of the exploitation of legal loopholes and political double-speak that has been used to bypass Japan's pacifist ideology. Here, Michael Penn assesses the role of US diplomats and lobbyists in Tokyo, the politicians who see the war on terror as a means of self-advancement and the influence of Washington in the unprecedented deployment of Japanese troops in Iraq. Written using a huge range of primary source material, including interviews with US insiders and Japanese policy makers, this is a scholarly and lucid account of Japan's relationship to the US and the Middle East from 9/11 to Barack Obama and the death of Osama Bin Laden. -- Provided by publisher.</subfield>
    </datafield>
    <datafield tag="650" ind1=" " ind2="0">
      <subfield code="a">War on Terrorism, 2001-2009.</subfield>
      <subfield code="0">http://id.loc.gov/authorities/subjects/sh2001000148</subfield>
    </datafield>
    <datafield tag="650" ind1="2" ind2="7">
      <subfield code="a">International relations.</subfield>
      <subfield code="2">fast</subfield>
      <subfield code="0">http://id.worldcat.org/fast/977053</subfield>
    </datafield>
    <datafield tag="651" ind1=" " ind2="0">
      <subfield code="a">Japan</subfield>
      <subfield code="x">Foreign relations</subfield>
      <subfield code="z">United States.</subfield>
      <subfield code="0">http://id.loc.gov/authorities/subjects/sh2008115634</subfield>
    </datafield>
    <datafield tag="651" ind1=" " ind2="0">
      <subfield code="a">United States</subfield>
      <subfield code="x">Foreign relations</subfield>
      <subfield code="z">Japan.</subfield>
      <subfield code="0">http://id.loc.gov/authorities/subjects/sh85140113</subfield>
    </datafield>
    <datafield tag="651" ind1=" " ind2="0">
      <subfield code="a">Japan</subfield>
      <subfield code="x">Foreign relations</subfield>
      <subfield code="z">Middle East.</subfield>
      <subfield code="0">http://id.loc.gov/authorities/subjects/sh85069417</subfield>
      <subfield code="0">http://id.loc.gov/authorities/subjects/sh85090501</subfield>
    </datafield>
    <datafield tag="651" ind1=" " ind2="0">
      <subfield code="a">Middle East</subfield>
      <subfield code="x">Foreign relations</subfield>
      <subfield code="0">http://id.loc.gov/authorities/subjects/sh85090504</subfield>
      <subfield code="z">Japan.</subfield>
      <subfield code="0">http://id.loc.gov/authorities/names/n78089021</subfield>
    </datafield>
    <datafield tag="651" ind1="1" ind2="7">
      <subfield code="a">Middle East.</subfield>
      <subfield code="2">fast</subfield>
      <subfield code="0">http://id.worldcat.org/fast/1241586</subfield>
    </datafield>
    <datafield tag="651" ind1="2" ind2="7">
      <subfield code="a">Japan.</subfield>
      <subfield code="2">fast</subfield>
      <subfield code="0">http://id.worldcat.org/fast/1204082</subfield>
    </datafield>
    <datafield tag="651" ind1="1" ind2="7">
      <subfield code="a">Japan.</subfield>
      <subfield code="2">fast</subfield>
      <subfield code="0">http://id.worldcat.org/fast/1204082</subfield>
    </datafield>
    <datafield tag="651" ind1="2" ind2="7">
      <subfield code="a">Middle East.</subfield>
      <subfield code="2">fast</subfield>
      <subfield code="0">http://id.worldcat.org/fast/1241586</subfield>
    </datafield>
    <datafield tag="651" ind1="1" ind2="7">
      <subfield code="a">United States.</subfield>
      <subfield code="2">fast</subfield>
      <subfield code="0">http://id.worldcat.org/fast/1204155</subfield>
    </datafield>
    <datafield tag="651" ind1="2" ind2="7">
      <subfield code="a">United States.</subfield>
      <subfield code="2">fast</subfield>
      <subfield code="0">http://id.worldcat.org/fast/1204155</subfield>
    </datafield>
    <datafield tag="647" ind1=" " ind2="7">
      <subfield code="a">War on Terrorism</subfield>
      <subfield code="d">(2001-2009)</subfield>
      <subfield code="2">fast</subfield>
      <subfield code="0">http://id.worldcat.org/fast/1754980</subfield>
    </datafield>
    <datafield tag="830" ind1=" " ind2="0">
      <subfield code="a">Library of international relations (Series) ;</subfield>
      <subfield code="0">http://id.loc.gov/authorities/names/no95053392</subfield>
      <subfield code="v">73.</subfield>
    </datafield>
    <datafield tag="830" ind1=" " ind2="0">
      <subfield code="a">International library of twentieth century history ;</subfield>
      <subfield code="0">http://id.loc.gov/authorities/names/no2004117762</subfield>
      <subfield code="v">4.</subfield>
    </datafield>
    <datafield tag="902" ind1=" " ind2=" ">
      <subfield code="a">MARCIVE-BF 20190703</subfield>
    </datafield>
    <datafield tag="904" ind1=" " ind2=" ">
      <subfield code="a">MARCIVE 20200629</subfield>
    </datafield>
    <datafield tag="907" ind1=" " ind2=" ">
      <subfield code="a">.b56970778</subfield>
      <subfield code="b">multi</subfield>
      <subfield code="c">-</subfield>
    </datafield>
    <datafield tag="945" ind1=" " ind2=" ">
      <subfield code="l">jtcas</subfield>
      <subfield code="g">1</subfield>
    </datafield>
    <datafield tag="945" ind1=" " ind2=" ">
      <subfield code="l">pstk </subfield>
      <subfield code="g">1</subfield>
    </datafield>
    <datafield tag="979" ind1=" " ind2=" ">
      <subfield code="a">ocn865492054</subfield>
    </datafield>
    <datafield tag="998" ind1=" " ind2=" ">
      <subfield code="b">3</subfield>
      <subfield code="c">141219</subfield>
      <subfield code="d">m</subfield>
      <subfield code="e">a</subfield>
      <subfield code="f">-</subfield>
      <subfield code="g">0</subfield>
    </datafield>
    <datafield tag="998" ind1=" " ind2=" ">
      <subfield code="a">12/19/14</subfield>
      <subfield code="s">OCLC</subfield>
      <subfield code="c">cep </subfield>
    </datafield>
    <datafield tag="ADM" ind1=" " ind2=" ">
      <subfield code="b">2020-09-09 01:10:20</subfield>
      <subfield code="e">b56970778-01tuli_inst</subfield>
      <subfield code="d">MARCIVE</subfield>
      <subfield code="f">20190607223423.0</subfield>
      <subfield code="a">2017-06-20 09:58:23</subfield>
      <subfield code="c">false</subfield>
    </datafield>
    <datafield tag="HLD" ind1="0" ind2=" ">
      <subfield code="b">ASRS</subfield>
      <subfield code="c">ASRS</subfield>
      <subfield code="h"> DS881.45 </subfield>
      <subfield code="i"> .P466 2014 </subfield>
      <subfield code="8">22465196730003811</subfield>
      <subfield code="updated">2019-05-03 21:03:38</subfield>
      <subfield code="created">2019-05-03 21:03:35</subfield>
    </datafield>
    <datafield tag="HLD" ind1="0" ind2=" ">
      <subfield code="b">JAPAN</subfield>
      <subfield code="c">stacks</subfield>
      <subfield code="h">DS881.45</subfield>
      <subfield code="i">.P466 2014</subfield>
      <subfield code="8">22298788210003811</subfield>
      <subfield code="created">2017-06-20 09:58:23</subfield>
    </datafield>
    <datafield tag="ITM" ind1=" " ind2=" ">
      <subfield code="r">22465196730003811</subfield>
      <subfield code="b">1</subfield>
      <subfield code="h">0</subfield>
      <subfield code="g">ASRS</subfield>
      <subfield code="t">BOOK</subfield>
      <subfield code="9">39074028715613</subfield>
      <subfield code="e">ASRS</subfield>
      <subfield code="8">23298788220003811</subfield>
      <subfield code="a">0</subfield>
      <subfield code="i">DS881.45 .P466 2014</subfield>
      <subfield code="updated">2019-05-03 21:04:00</subfield>
      <subfield code="q">2017-06-20 09:58:23</subfield>
      <subfield code="d">ASRS</subfield>
      <subfield code="f">ASRS</subfield>
    </datafield>
    <datafield tag="ITM" ind1=" " ind2=" ">
      <subfield code="r">22298788210003811</subfield>
      <subfield code="b">1</subfield>
      <subfield code="h">0</subfield>
      <subfield code="g">stacks</subfield>
      <subfield code="t">BOOK</subfield>
      <subfield code="9">31982020075851</subfield>
      <subfield code="e">stacks</subfield>
      <subfield code="8">23298788200003811</subfield>
      <subfield code="a">0</subfield>
      <subfield code="i">DS881.45 .P466 2014</subfield>
      <subfield code="updated">2019-08-28 00:22:15</subfield>
      <subfield code="q">2017-06-20 09:58:23</subfield>
      <subfield code="d">JAPAN</subfield>
      <subfield code="f">JAPAN</subfield>
    </datafield>
  </record>