
  <record>
    <leader>04866pam a2200493 i 4500</leader>
    <controlfield tag="005">20190715093524.0</controlfield>
    <controlfield tag="008">131209s2014    nyu      b    001 0 eng  </controlfield>
    <controlfield tag="001">991003655639703811</controlfield>
    <datafield tag="010" ind1=" " ind2=" ">
      <subfield code="a">2013037929</subfield>
    </datafield>
    <datafield tag="020" ind1=" " ind2=" ">
      <subfield code="a">9780199777952</subfield>
      <subfield code="q">(hardcover)</subfield>
      <subfield code="q">(alkaline paper)</subfield>
    </datafield>
    <datafield tag="020" ind1=" " ind2=" ">
      <subfield code="a">0199777950</subfield>
      <subfield code="q">(hardcover)</subfield>
      <subfield code="q">(alkaline paper)</subfield>
    </datafield>
    <datafield tag="020" ind1=" " ind2=" ">
      <subfield code="z">9780199778027</subfield>
      <subfield code="q">(ebook)</subfield>
    </datafield>
    <datafield tag="035" ind1=" " ind2=" ">
      <subfield code="a">(PPT)b56322070-01tuli_inst</subfield>
    </datafield>
    <datafield tag="035" ind1=" " ind2=" ">
      <subfield code="a">(OCoLC)ocn884486105</subfield>
      <subfield code="9">ExL</subfield>
    </datafield>
    <datafield tag="035" ind1=" " ind2=" ">
      <subfield code="a">(OCoLC)859384136</subfield>
    </datafield>
    <datafield tag="035" ind1=" " ind2=" ">
      <subfield code="a">ocn859384136</subfield>
    </datafield>
    <datafield tag="035" ind1=" " ind2=" ">
      <subfield code="a">(OCLC)ocn859384136</subfield>
    </datafield>
    <datafield tag="040" ind1=" " ind2=" ">
      <subfield code="a">DLC</subfield>
      <subfield code="b">eng</subfield>
      <subfield code="e">rda</subfield>
      <subfield code="c">DLC</subfield>
      <subfield code="d">YDXCP</subfield>
      <subfield code="d">BTCTA</subfield>
      <subfield code="d">BDX</subfield>
      <subfield code="d">UKMGB</subfield>
      <subfield code="d">WIO</subfield>
    </datafield>
    <datafield tag="042" ind1=" " ind2=" ">
      <subfield code="a">pcc</subfield>
    </datafield>
    <datafield tag="043" ind1=" " ind2=" ">
      <subfield code="a">n-us---</subfield>
    </datafield>
    <datafield tag="079" ind1=" " ind2=" ">
      <subfield code="a">ocn859384136</subfield>
    </datafield>
    <datafield tag="090" ind1=" " ind2=" ">
      <subfield code="a">BR526</subfield>
      <subfield code="b">.M555 2014</subfield>
    </datafield>
    <datafield tag="100" ind1="1" ind2=" ">
      <subfield code="a">Miller, Steven P.</subfield>
      <subfield code="q">(Steven Patrick),</subfield>
      <subfield code="d">1977-</subfield>
      <subfield code="0">http://id.loc.gov/authorities/names/no2003051584</subfield>
      <subfield code="e">author.</subfield>
    </datafield>
    <datafield tag="245" ind1="1" ind2="4">
      <subfield code="a">The age of evangelicalism :</subfield>
      <subfield code="b">America's born-again years /</subfield>
      <subfield code="c">Steven P. Miller.</subfield>
    </datafield>
    <datafield tag="264" ind1=" " ind2="1">
      <subfield code="a">New York, NY :</subfield>
      <subfield code="b">Oxford University Press,</subfield>
      <subfield code="c">[2014]</subfield>
    </datafield>
    <datafield tag="300" ind1=" " ind2=" ">
      <subfield code="a">viii, 221 pages ;</subfield>
      <subfield code="c">25 cm</subfield>
    </datafield>
    <datafield tag="336" ind1=" " ind2=" ">
      <subfield code="a">text</subfield>
      <subfield code="2">rdacontent</subfield>
    </datafield>
    <datafield tag="337" ind1=" " ind2=" ">
      <subfield code="a">unmediated</subfield>
      <subfield code="2">rdamedia</subfield>
    </datafield>
    <datafield tag="338" ind1=" " ind2=" ">
      <subfield code="a">volume</subfield>
      <subfield code="2">rdacarrier</subfield>
    </datafield>
    <datafield tag="504" ind1=" " ind2=" ">
      <subfield code="a">Includes bibliographical references and index.</subfield>
    </datafield>
    <datafield tag="541" ind1=" " ind2=" ">
      <subfield code="a">Vara, Albert C. ;</subfield>
      <subfield code="c">Gift ;</subfield>
      <subfield code="d">2014</subfield>
    </datafield>
    <datafield tag="520" ind1=" " ind2=" ">
      <subfield code="a">At the start of the twenty-first century, America was awash in a sea of evangelical talk. The Purpose Driven Life. Joel Osteen. The Left Behind novels. George W. Bush. Evangelicalism had become so powerful and pervasive that political scientist Alan Wolfe wrote of "a sense in which we are all evangelicals now."  Steven P. Miller offers a dramatically different perspective: the Bush years, he argues, did not mark the pinnacle of evangelical influence, but rather the beginning of its decline. The Age of Evangelicalism chronicles the place and meaning of evangelical Christianity in America since 1970, a period Miller defines as America's "born-again years." This was a time of evangelical scares, born-again spectacles, and battles over faith in the public square. From the Jesus chic of the 1970s to the satanism panic of the 1980s, the culture wars of the 1990s, and the faith-based vogue of the early 2000s, evangelicalism expanded beyond churches and entered the mainstream in ways both subtly and obviously influential.  Born-again Christianity permeated nearly every area of American life. It was broad enough to encompass Hal Lindsey's doomsday prophecies and Marabel Morgan's sex advice, Jerry Falwell and Jimmy Carter. It made an unlikely convert of Bob Dylan and an unlikely president of a divorced Hollywood actor. As Miller shows, evangelicalism influenced not only its devotees but its many detractors: religious conservatives, secular liberals, and just about everyone in between. The Age of Evangelicalism contained multitudes: it was the age of Christian hippies and the "silent majority," of Footloose and The Passion of the Christ, of Tammy Faye Bakker the disgraced televangelist and Tammy Faye Messner the gay icon. Barack Obama was as much a part of it as Billy Graham.  The Age of Evangelicalism tells the captivating story of how born-again Christianity shaped the cultural and political climate in which millions of Americans came to terms with their times.</subfield>
    </datafield>
    <datafield tag="505" ind1="0" ind2=" ">
      <subfield code="a">Introduction: An Age, Not a Subculture -- The Seventies Evangelical Moment -- Watergate and the Crisis of Civil Religion -- Why Liberal Churches Aren't Growing -- Evangelical Chic -- The Me (and Jesus) Decade -- Left, Right, Born Again -- The Evangelical Left -- "J. C. Can Save America!" -- From Evangelical Chic to Evangelical Rage -- The Power and the Spectacle -- The Evangelical's President -- "Tax-Exempt Savonarolas" -- Panics and Politics -- The Paradox of Influence -- Learning from the Christian Right -- The Thoughtful Evangelicals -- Subculture as Pop Culture -- Civil and Uncivil Society -- Second Comings -- Faith-Based -- The Passion of Evangelical Popular Culture -- The Second Evangelical Scare -- Hope for a Change -- The Reemergence of the Evangelical Left -- The Obama Pivor -- Epilogue: Born Again, Again.</subfield>
    </datafield>
    <datafield tag="650" ind1=" " ind2="0">
      <subfield code="a">Evangelicalism</subfield>
      <subfield code="z">United States</subfield>
      <subfield code="x">History</subfield>
      <subfield code="y">20th century.</subfield>
      <subfield code="0">http://id.loc.gov/authorities/subjects/sh2008103364</subfield>
    </datafield>
    <datafield tag="650" ind1=" " ind2="0">
      <subfield code="a">Evangelicalism</subfield>
      <subfield code="z">United States</subfield>
      <subfield code="x">History</subfield>
      <subfield code="0">http://id.loc.gov/authorities/subjects/sh2008119946</subfield>
      <subfield code="y">21st century.</subfield>
      <subfield code="0">http://id.loc.gov/authorities/subjects/sh2002012478</subfield>
    </datafield>
    <datafield tag="650" ind1="2" ind2="7">
      <subfield code="a">Church history.</subfield>
      <subfield code="2">fast</subfield>
      <subfield code="0">http://id.worldcat.org/fast/860740</subfield>
    </datafield>
    <datafield tag="650" ind1="1" ind2="7">
      <subfield code="a">Evangelicalism.</subfield>
      <subfield code="2">fast</subfield>
      <subfield code="0">http://id.worldcat.org/fast/917002</subfield>
    </datafield>
    <datafield tag="650" ind1="2" ind2="7">
      <subfield code="a">History.</subfield>
      <subfield code="2">fast</subfield>
      <subfield code="0">http://id.worldcat.org/fast/958235</subfield>
    </datafield>
    <datafield tag="651" ind1=" " ind2="0">
      <subfield code="a">United States</subfield>
      <subfield code="x">Church history</subfield>
      <subfield code="y">20th century.</subfield>
      <subfield code="0">http://id.loc.gov/authorities/subjects/sh85139929</subfield>
    </datafield>
    <datafield tag="651" ind1=" " ind2="0">
      <subfield code="a">United States</subfield>
      <subfield code="x">Church history</subfield>
      <subfield code="y">21st century.</subfield>
      <subfield code="0">http://id.loc.gov/authorities/subjects/sh85139926</subfield>
      <subfield code="0">http://id.loc.gov/authorities/subjects/sh2002012478</subfield>
    </datafield>
    <datafield tag="651" ind1="1" ind2="7">
      <subfield code="a">United States.</subfield>
      <subfield code="2">fast</subfield>
      <subfield code="0">http://id.worldcat.org/fast/1204155</subfield>
    </datafield>
    <datafield tag="651" ind1="2" ind2="7">
      <subfield code="a">United States.</subfield>
      <subfield code="2">fast</subfield>
      <subfield code="0">http://id.worldcat.org/fast/1204155</subfield>
    </datafield>
    <datafield tag="648" ind1=" " ind2="7">
      <subfield code="a">21st century.</subfield>
      <subfield code="2">fast</subfield>
    </datafield>
    <datafield tag="648" ind1=" " ind2="7">
      <subfield code="a">20th century.</subfield>
      <subfield code="2">fast</subfield>
    </datafield>
    <datafield tag="902" ind1=" " ind2=" ">
      <subfield code="a">MARCIVE-BF 20190703</subfield>
    </datafield>
    <datafield tag="903" ind1=" " ind2=" ">
      <subfield code="a">MARCIVE-TOC201904</subfield>
    </datafield>
    <datafield tag="904" ind1=" " ind2=" ">
      <subfield code="a">MARCIVE 20200629</subfield>
    </datafield>
    <datafield tag="907" ind1=" " ind2=" ">
      <subfield code="a">.b56322070</subfield>
      <subfield code="b">p    </subfield>
      <subfield code="c">-</subfield>
    </datafield>
    <datafield tag="945" ind1=" " ind2=" ">
      <subfield code="l">pstk </subfield>
      <subfield code="g">1</subfield>
    </datafield>
    <datafield tag="979" ind1=" " ind2=" ">
      <subfield code="a">ocn859384136</subfield>
    </datafield>
    <datafield tag="998" ind1=" " ind2=" ">
      <subfield code="b">1</subfield>
      <subfield code="c">140709</subfield>
      <subfield code="d">m</subfield>
      <subfield code="e">a</subfield>
      <subfield code="f">-</subfield>
      <subfield code="g">4</subfield>
    </datafield>
    <datafield tag="ADM" ind1=" " ind2=" ">
      <subfield code="b">2020-09-08 23:44:09</subfield>
      <subfield code="e">b56322070-01tuli_inst</subfield>
      <subfield code="d">MARCIVE</subfield>
      <subfield code="f">20190607223857.0</subfield>
      <subfield code="a">2017-06-20 11:08:30</subfield>
      <subfield code="c">false</subfield>
    </datafield>
    <datafield tag="HLD" ind1="0" ind2=" ">
      <subfield code="b">MAIN</subfield>
      <subfield code="c">stacks</subfield>
      <subfield code="h">BR526</subfield>
      <subfield code="i">.M555 2014</subfield>
      <subfield code="8">22309352660003811</subfield>
      <subfield code="created">2017-06-20 11:08:30</subfield>
    </datafield>
    <datafield tag="ITM" ind1=" " ind2=" ">
      <subfield code="r">22309352660003811</subfield>
      <subfield code="b">1</subfield>
      <subfield code="h">0</subfield>
      <subfield code="g">stacks</subfield>
      <subfield code="t">BOOK</subfield>
      <subfield code="9">39074028667665</subfield>
      <subfield code="e">stacks</subfield>
      <subfield code="8">23309352650003811</subfield>
      <subfield code="a">0</subfield>
      <subfield code="i">BR526 .M555 2014</subfield>
      <subfield code="updated">2019-11-25 17:21:17</subfield>
      <subfield code="q">2017-06-20 11:08:30</subfield>
      <subfield code="d">MAIN</subfield>
      <subfield code="f">MAIN</subfield>
    </datafield>
  </record>