
  <record>
    <leader>05078cam a2200577 i 4500</leader>
    <controlfield tag="005">20190923161120.0</controlfield>
    <controlfield tag="008">130520t20132013ncua     b    001 0 eng  </controlfield>
    <controlfield tag="001">991001211999703811</controlfield>
    <datafield tag="010" ind1=" " ind2=" ">
      <subfield code="a">2013020254</subfield>
    </datafield>
    <datafield tag="020" ind1=" " ind2=" ">
      <subfield code="a">9781611631371</subfield>
      <subfield code="q">(alkaline paper)</subfield>
    </datafield>
    <datafield tag="020" ind1=" " ind2=" ">
      <subfield code="a">1611631378</subfield>
      <subfield code="q">(alkaline paper)</subfield>
    </datafield>
    <datafield tag="024" ind1="8" ind2=" ">
      <subfield code="a">40022804134</subfield>
    </datafield>
    <datafield tag="035" ind1=" " ind2=" ">
      <subfield code="a">(PPT)b55545865-01tuli_inst</subfield>
    </datafield>
    <datafield tag="035" ind1=" " ind2=" ">
      <subfield code="a">(OCoLC)ocn878027447</subfield>
      <subfield code="9">ExL</subfield>
    </datafield>
    <datafield tag="035" ind1=" " ind2=" ">
      <subfield code="a">(OCoLC)844790064</subfield>
    </datafield>
    <datafield tag="035" ind1=" " ind2=" ">
      <subfield code="a">ocn844790064</subfield>
    </datafield>
    <datafield tag="035" ind1=" " ind2=" ">
      <subfield code="a">(OCLC)ocn844790064</subfield>
    </datafield>
    <datafield tag="040" ind1=" " ind2=" ">
      <subfield code="a">IEN/DLC</subfield>
      <subfield code="b">eng</subfield>
      <subfield code="e">rda</subfield>
      <subfield code="c">INU</subfield>
      <subfield code="d">DLC</subfield>
      <subfield code="d">YDXCP</subfield>
      <subfield code="d">BTCTA</subfield>
      <subfield code="d">IAD</subfield>
      <subfield code="d">MUU</subfield>
      <subfield code="d">YUS</subfield>
      <subfield code="d">CDX</subfield>
    </datafield>
    <datafield tag="042" ind1=" " ind2=" ">
      <subfield code="a">pcc</subfield>
    </datafield>
    <datafield tag="043" ind1=" " ind2=" ">
      <subfield code="a">f------</subfield>
    </datafield>
    <datafield tag="079" ind1=" " ind2=" ">
      <subfield code="a">ocn844790064</subfield>
    </datafield>
    <datafield tag="090" ind1=" " ind2=" ">
      <subfield code="a">DT16.5</subfield>
      <subfield code="b">.C67 2013</subfield>
    </datafield>
    <datafield tag="245" ind1="0" ind2="0">
      <subfield code="a">Converging identities :</subfield>
      <subfield code="b">Blackness in the modern African diaspora /</subfield>
      <subfield code="c">edited by Julius O. Adekunle, Hettie V. Williams.</subfield>
    </datafield>
    <datafield tag="264" ind1=" " ind2="1">
      <subfield code="a">Durham, North Carolina :</subfield>
      <subfield code="b">Carolina Academic Press,</subfield>
      <subfield code="c">[2013]</subfield>
    </datafield>
    <datafield tag="264" ind1=" " ind2="4">
      <subfield code="c">&#xA9;2013</subfield>
    </datafield>
    <datafield tag="300" ind1=" " ind2=" ">
      <subfield code="a">xxviii, 334 pages :</subfield>
      <subfield code="b">illustrations ;</subfield>
      <subfield code="c">23 cm.</subfield>
    </datafield>
    <datafield tag="336" ind1=" " ind2=" ">
      <subfield code="a">text</subfield>
      <subfield code="b">txt</subfield>
      <subfield code="2">rdacontent</subfield>
    </datafield>
    <datafield tag="337" ind1=" " ind2=" ">
      <subfield code="a">unmediated</subfield>
      <subfield code="b">n</subfield>
      <subfield code="2">rdamedia</subfield>
    </datafield>
    <datafield tag="338" ind1=" " ind2=" ">
      <subfield code="a">volume</subfield>
      <subfield code="b">nc</subfield>
      <subfield code="2">rdacarrier</subfield>
    </datafield>
    <datafield tag="490" ind1="1" ind2=" ">
      <subfield code="a">African world series</subfield>
    </datafield>
    <datafield tag="504" ind1=" " ind2=" ">
      <subfield code="a">Includes bibliographical references and index.</subfield>
    </datafield>
    <datafield tag="505" ind1="0" ind2="0">
      <subfield code="t">Part I. The modern African diaspora in global perspective --</subfield>
      <subfield code="t">Are you "Black" or "ethnic"? : the dichotomous framing of immigrant identity /</subfield>
      <subfield code="r">Philip A. Kretsedemas --</subfield>
      <subfield code="t">Blacks in France : a minority or a community? /</subfield>
      <subfield code="r">Gado Alzouma --</subfield>
      <subfield code="t">Comfort of Blackness : using cultural immersion to promote mental health /</subfield>
      <subfield code="r">Barbara F. Streets --</subfield>
      <subfield code="t">Envisioned communities : the African diaspora in and interwar race films /</subfield>
      <subfield code="r">Cara Caddoo --</subfield>
      <subfield code="t">Middleman speaks : race, citizenship, and labor in The beautiful things that heaven bears /</subfield>
      <subfield code="r">Julie Iromuanya --</subfield>
      <subfield code="t">Beyond racial myths, prejudices and stereotypes : deconstructing African/Black diaspora studies in a changing world /</subfield>
      <subfield code="r">Okpeh Ochayi Okpeh --</subfield>
      <subfield code="t">Part II. The modern African diaspora and Black identity --</subfield>
      <subfield code="t">Black like who? Race and the cosmopolitan self identity of Barack Obama /</subfield>
      <subfield code="r">Hettie V. Williams --</subfield>
      <subfield code="t">Black first, but not only : racial identity formation in a changing Black 'hood' /</subfield>
      <subfield code="r">Barbara Combs --</subfield>
      <subfield code="t">African diaspora in the US : cultural clash and identity challenges /</subfield>
      <subfield code="r">Julius O. Adekunle --</subfield>
      <subfield code="t">Things they carried : knowledge and information transfers from West Africa to Low Country Georgia /</subfield>
      <subfield code="r">Karen Bell --</subfield>
      <subfield code="t">"Is the Negro like other people?" : race, religion, and the didactic oratory of Henry McNeal Turner /</subfield>
      <subfield code="r">Andre E. Johnson --</subfield>
      <subfield code="t">Part III. The Black diaspora in Latin American identity and culture --</subfield>
      <subfield code="t">From "pardo" and "preto" into negro : Blackness in contemporary Brazil /</subfield>
      <subfield code="r">G. Reginald Daniel --</subfield>
      <subfield code="t">Afrolatinidada online : Afro-Puerto Ricans and Afro-Dominicans constructing identity in cyberspace /</subfield>
      <subfield code="r">Ashley D. Aaron --</subfield>
      <subfield code="t">Louisiana creoles and latinidad : locating culture and community /</subfield>
      <subfield code="r">Andrew Jolivette and Haruki Eda --</subfield>
      <subfield code="t">Stereotypes of Afro-Peruvians through the media : the case of the Peruvian Blackface /</subfield>
      <subfield code="r">Miguel Becerra --</subfield>
      <subfield code="t">Afro-Mexican queen pageants : NGO's and the ethnicization of Blackness from Costa Chica, Oaxaca to Pasadena, CA /</subfield>
      <subfield code="r">Jorge Gonzalez.</subfield>
    </datafield>
    <datafield tag="520" ind1=" " ind2=" ">
      <subfield code="a">Converging Identities is a volume of sixteen essays analyzing the issues of blackness and identity of the African Diaspora in global perspective, but focusing on the United States, the Caribbean, and Latin America. Given the historical factors that prompted Africans to populate different parts of the world, the subject of blackness as a form of identity becomes relevant. In modern times, blackness and identity are popular subject matters in view of the historic election of Barack Obama as the President of the United States of America in 2008. Converging Identities provides a stimulating and enlightening perspective to blackness and identity of the African Diaspora. -- Publisher website.</subfield>
    </datafield>
    <datafield tag="650" ind1=" " ind2="0">
      <subfield code="a">African diaspora.</subfield>
      <subfield code="0">http://id.loc.gov/authorities/subjects/sh91005631</subfield>
    </datafield>
    <datafield tag="650" ind1=" " ind2="7">
      <subfield code="a">African diaspora.</subfield>
      <subfield code="2">fast</subfield>
      <subfield code="0">http://id.worldcat.org/fast/799755</subfield>
    </datafield>
    <datafield tag="650" ind1=" " ind2="0">
      <subfield code="a">Blacks</subfield>
      <subfield code="x">Race identity.</subfield>
      <subfield code="0">http://id.loc.gov/authorities/subjects/sh85014685</subfield>
    </datafield>
    <datafield tag="650" ind1=" " ind2="7">
      <subfield code="a">Blacks</subfield>
      <subfield code="x">Race identity.</subfield>
      <subfield code="2">fast</subfield>
      <subfield code="0">http://id.worldcat.org/fast/833987</subfield>
    </datafield>
    <datafield tag="650" ind1=" " ind2="0">
      <subfield code="a">African diaspora in literature.</subfield>
      <subfield code="0">http://id.loc.gov/authorities/subjects/sh2006005605</subfield>
    </datafield>
    <datafield tag="650" ind1=" " ind2="7">
      <subfield code="a">African diaspora in literature.</subfield>
      <subfield code="2">fast</subfield>
      <subfield code="0">http://id.worldcat.org/fast/1902319</subfield>
    </datafield>
    <datafield tag="650" ind1="2" ind2="7">
      <subfield code="a">Emigration and immigration.</subfield>
      <subfield code="2">fast</subfield>
      <subfield code="0">http://id.worldcat.org/fast/908690</subfield>
    </datafield>
    <datafield tag="651" ind1=" " ind2="0">
      <subfield code="a">Africa</subfield>
      <subfield code="0">http://id.loc.gov/authorities/subjects/sh85001531</subfield>
      <subfield code="x">Emigration and immigration.</subfield>
      <subfield code="0">http://id.loc.gov/authorities/subjects/sh00005907</subfield>
    </datafield>
    <datafield tag="651" ind1=" " ind2="7">
      <subfield code="a">Africa.</subfield>
      <subfield code="2">fast</subfield>
      <subfield code="0">http://id.worldcat.org/fast/1239509</subfield>
    </datafield>
    <datafield tag="651" ind1="1" ind2="7">
      <subfield code="a">Africa.</subfield>
      <subfield code="2">fast</subfield>
      <subfield code="0">http://id.worldcat.org/fast/1239509</subfield>
    </datafield>
    <datafield tag="700" ind1="1" ind2=" ">
      <subfield code="a">Adekunle, Julius,</subfield>
      <subfield code="0">http://id.loc.gov/authorities/names/n2003033940</subfield>
      <subfield code="e">editor.</subfield>
    </datafield>
    <datafield tag="700" ind1="1" ind2=" ">
      <subfield code="a">Williams, Hettie V.,</subfield>
      <subfield code="0">http://id.loc.gov/authorities/names/nb2009002699</subfield>
      <subfield code="e">editor.</subfield>
    </datafield>
    <datafield tag="830" ind1=" " ind2="0">
      <subfield code="a">Carolina Academic Press African world series.</subfield>
      <subfield code="0">http://id.loc.gov/authorities/names/no2011015717</subfield>
    </datafield>
    <datafield tag="902" ind1=" " ind2=" ">
      <subfield code="a">MARCIVE-BF 20190703</subfield>
    </datafield>
    <datafield tag="904" ind1=" " ind2=" ">
      <subfield code="a">MARCIVE-SC</subfield>
    </datafield>
    <datafield tag="904" ind1=" " ind2=" ">
      <subfield code="a">MARCIVE 20200629</subfield>
    </datafield>
    <datafield tag="907" ind1=" " ind2=" ">
      <subfield code="a">.b55545865</subfield>
      <subfield code="b">b    </subfield>
      <subfield code="c">-</subfield>
    </datafield>
    <datafield tag="945" ind1=" " ind2=" ">
      <subfield code="l">b    </subfield>
      <subfield code="g">1</subfield>
    </datafield>
    <datafield tag="979" ind1=" " ind2=" ">
      <subfield code="a">ocn844790064</subfield>
    </datafield>
    <datafield tag="998" ind1=" " ind2=" ">
      <subfield code="b">1</subfield>
      <subfield code="c">140408</subfield>
      <subfield code="d">m</subfield>
      <subfield code="e">a</subfield>
      <subfield code="f">-</subfield>
      <subfield code="g">0</subfield>
    </datafield>
    <datafield tag="998" ind1=" " ind2=" ">
      <subfield code="a">04/08/13</subfield>
      <subfield code="s">OCLC</subfield>
      <subfield code="c">AB</subfield>
    </datafield>
    <datafield tag="ADM" ind1=" " ind2=" ">
      <subfield code="b">2020-09-09 01:11:55</subfield>
      <subfield code="e">b55545865-01tuli_inst</subfield>
      <subfield code="d">MARCIVE</subfield>
      <subfield code="f">20190607173340.0</subfield>
      <subfield code="a">2017-06-20 14:48:04</subfield>
      <subfield code="c">false</subfield>
    </datafield>
    <datafield tag="HLD" ind1="0" ind2=" ">
      <subfield code="b">BLOCKSON</subfield>
      <subfield code="c">rarestacks</subfield>
      <subfield code="h">DT16.5</subfield>
      <subfield code="i">.C67 2013</subfield>
      <subfield code="8">22334123520003811</subfield>
      <subfield code="created">2017-06-20 14:48:04</subfield>
    </datafield>
    <datafield tag="ITM" ind1=" " ind2=" ">
      <subfield code="r">22334123520003811</subfield>
      <subfield code="b">1</subfield>
      <subfield code="h">0</subfield>
      <subfield code="g">rarestacks</subfield>
      <subfield code="t">BOOK</subfield>
      <subfield code="e">rarestacks</subfield>
      <subfield code="8">23334123510003811</subfield>
      <subfield code="a">3</subfield>
      <subfield code="i">DT16.5 .C67 2013</subfield>
      <subfield code="updated">2020-03-25 19:27:02</subfield>
      <subfield code="q">2017-06-20 14:48:04</subfield>
      <subfield code="d">BLOCKSON</subfield>
      <subfield code="f">BLOCKSON</subfield>
    </datafield>
  </record>